<?xml version="1.0" encoding="UTF-8"?>
<!DOCTYPE html PUBLIC "-//W3C//DTD XHTML 1.0 Transitional//EN"
    "http://www.w3.org/TR/xhtml1/DTD/xhtml1-transitional.dtd">
<html xmlns="http://www.w3.org/1999/xhtml" xml:lang="en" lang="en">
 <head>
  <title>
</title>
<meta http-equiv="Content-Type" content="text/html;charset=utf-8" />
  <meta name='ocr-system' content='tesseract 3.04.00' />
  <meta name='ocr-capabilities' content='ocr_page ocr_carea ocr_par ocr_line ocrx_word'/>
</head>
<body>
  <div class='ocr_page' id='page_1' title='image "./libritresdeindvc00baud/libritresdeindvc00baud_0091.png"; bbox 0 0 2284 3132; ppageno 0'>
   <div class='ocr_carea' id='block_1_1' title="bbox 166 127 2061 2572">
    <p class='ocr_par' dir='ltr' id='par_1_1' title="bbox 166 127 2061 2572">
     <span class='ocr_line' id='line_1_1' title="bbox 609 127 1870 179; baseline 0.003 -6"><span class='ocrx_word' id='word_1_1' title='bbox 609 143 614 148; x_wconf 93' lang='lat'><em>·</em></span> <span class='ocrx_word' id='word_1_2' title='bbox 666 127 977 176; x_wconf 80' lang='lat' dir='ltr'>BELGICI</span> <span class='ocrx_word' id='word_1_3' title='bbox 1042 127 1272 174; x_wconf 84' lang='lat' dir='ltr'>LIBER</span> <span class='ocrx_word' id='word_1_4' title='bbox 1344 130 1420 176; x_wconf 87' lang='grc' dir='ltr'>ΙΙ.</span> <span class='ocrx_word' id='word_1_5' title='bbox 1814 131 1870 179; x_wconf 80' lang='lat'>61</span> 
     </span>
     <span class='ocr_line' id='line_1_2' title="bbox 191 191 1874 264; baseline 0.002 -19"><span class='ocrx_word' id='word_1_6' title='bbox 191 191 771 263; x_wconf 81' lang='lat' dir='ltr'>appellari.C0ntentos</span> <span class='ocrx_word' id='word_1_7' title='bbox 789 194 884 246; x_wconf 70' lang='lat' dir='ltr'>ess&#39;e</span> <span class='ocrx_word' id='word_1_8' title='bbox 903 194 1082 247; x_wconf 86' lang='lat' dir='ltr'>debere</span> <span class='ocrx_word' id='word_1_9' title='bbox 1099 195 1322 244; x_wconf 77' lang='lat' dir='ltr'>Ordines</span> <span class='ocrx_word' id='word_1_10' title='bbox 1337 192 1479 264; x_wconf 82' lang='lat' dir='ltr'>qnod</span> <span class='ocrx_word' id='word_1_11' title='bbox 1497 194 1545 242; x_wconf 90' lang='lat' dir='ltr'>in</span> <span class='ocrx_word' id='word_1_12' title='bbox 1567 192 1874 261; x_wconf 68' lang='lat' dir='ltr'>possessione</span> 
     </span>
     <span class='ocr_line' id='line_1_3' title="bbox 192 268 1872 338; baseline 0.003 -19"><span class='ocrx_word' id='word_1_13' title='bbox 192 271 308 333; x_wconf 84' lang='lat' dir='ltr'>sint,</span> <span class='ocrx_word' id='word_1_14' title='bbox 329 270 592 336; x_wconf 84' lang='lat' dir='ltr'>&amp;pignori</span> <span class='ocrx_word' id='word_1_15' title='bbox 608 268 859 321; x_wconf 78' lang='lat' dir='ltr'>insistant.</span> <span class='ocrx_word' id='word_1_16' title='bbox 893 270 1326 338; x_wconf 78' lang='lat' dir='ltr'>Relinquendum</span> <span class='ocrx_word' id='word_1_17' title='bbox 1348 268 1443 321; x_wconf 75' lang='lat' dir='ltr'>effe</span> <span class='ocrx_word' id='word_1_18' title='bbox 1458 272 1658 335; x_wconf 71' lang='lat' dir='ltr'>magnis</span> <span class='ocrx_word' id='word_1_19' title='bbox 1676 270 1872 324; x_wconf 84' lang='lat' dir='ltr'>Princi-</span> 
     </span>
     <span class='ocr_line' id='line_1_4' title="bbox 193 343 1865 415; baseline 0.002 -21"><span class='ocrx_word' id='word_1_20' title='bbox 193 345 342 412; x_wconf 85' lang='lat' dir='ltr'>pibus</span> <span class='ocrx_word' id='word_1_21' title='bbox 355 343 464 406; x_wconf 74' lang='lat' dir='ltr'>vhoc</span> <span class='ocrx_word' id='word_1_22' title='bbox 479 343 738 395; x_wconf 70' lang='lat' dir='ltr'>oblestatn</span> <span class='ocrx_word' id='word_1_23' title='bbox 748 362 807 395; x_wconf 92' lang='lat' dir='ltr'>en</span> <span class='ocrx_word' id='word_1_24' title='bbox 817 360 946 406; x_wconf 85' lang='lat' dir='ltr'>tum,</span> <span class='ocrx_word' id='word_1_25' title='bbox 962 359 1015 394; x_wconf 90' lang='lat' dir='ltr'>ut</span> <span class='ocrx_word' id='word_1_26' title='bbox 1031 347 1287 407; x_wconf 80' lang='lat' dir='ltr'>majorum</span> <span class='ocrx_word' id='word_1_27' title='bbox 1306 344 1508 396; x_wconf 83' lang='lat' dir='ltr'>sedibus</span> <span class='ocrx_word' id='word_1_28' title='bbox 1528 350 1865 415; x_wconf 76' lang='lat' dir='ltr'>exterminati,</span> 
     </span>
     <span class='ocr_line' id='line_1_5' title="bbox 190 418 1864 488; baseline 0.002 -19"><span class='ocrx_word' id='word_1_29' title='bbox 190 418 557 487; x_wconf 79' lang='lat' dir='ltr'>salteminanes</span> <span class='ocrx_word' id='word_1_30' title='bbox 576 419 667 470; x_wconf 81' lang='lat' dir='ltr'>sibi</span> <span class='ocrx_word' id='word_1_31' title='bbox 686 420 864 470; x_wconf 82' lang='lat' dir='ltr'>titulos</span> <span class='ocrx_word' id='word_1_32' title='bbox 879 419 1131 471; x_wconf 72' lang='lat' dir='ltr'>reservare</span> <span class='ocrx_word' id='word_1_33' title='bbox 1145 421 1341 486; x_wconf 62' lang='lat' dir='ltr'>possint</span> <span class='ocrx_word' id='word_1_34' title='bbox 1365 463 1377 483; x_wconf 84' lang='lat'>‚</span> <span class='ocrx_word' id='word_1_35' title='bbox 1419 419 1864 488; x_wconf 73' lang='lat' dir='ltr'>quemadmodum</span> 
     </span>
     <span class='ocr_line' id='line_1_6' title="bbox 188 492 1865 565; baseline 0.004 -21"><span class='ocrx_word' id='word_1_36' title='bbox 188 494 357 560; x_wconf 86' lang='lat' dir='ltr'>pueris</span> <span class='ocrx_word' id='word_1_37' title='bbox 373 492 555 543; x_wconf 80' lang='lat' dir='ltr'>dantur</span> <span class='ocrx_word' id='word_1_38' title='bbox 570 494 842 560; x_wconf 78' lang='lat' dir='ltr'>crepundia</span> <span class='ocrx_word' id='word_1_39' title='bbox 859 513 886 545; x_wconf 90' lang='lat' dir='ltr'>a</span> <span class='ocrx_word' id='word_1_40' title='bbox 908 494 1106 544; x_wconf 75' lang='lat' dir='ltr'>blandis</span> <span class='ocrx_word' id='word_1_41' title='bbox 1122 495 1427 544; x_wconf 83' lang='lat' dir='ltr'>nutricibus:</span> <span class='ocrx_word' id='word_1_42' title='bbox 1446 495 1865 565; x_wconf 80' lang='lat' dir='ltr'>rogabanturque</span> 
     </span>
     <span class='ocr_line' id='line_1_7' title="bbox 192 566 1864 635; baseline 0.004 -20"><span class='ocrx_word' id='word_1_43' title='bbox 192 566 419 618; x_wconf 81' lang='lat' dir='ltr'>Ordines</span> <span class='ocrx_word' id='word_1_44' title='bbox 436 569 1120 619; x_wconf 79' lang='lat' dir='ltr'>uteammoderationemin</span> <span class='ocrx_word' id='word_1_45' title='bbox 1150 567 1565 635; x_wconf 79' lang='lat' dir='ltr'>inscriptionibus</span> <span class='ocrx_word' id='word_1_46' title='bbox 1584 570 1675 619; x_wconf 83' lang='lat' dir='ltr'>suis</span> <span class='ocrx_word' id='word_1_47' title='bbox 1702 567 1864 624; x_wconf 84' lang='lat' dir='ltr'>serva-</span> 
     </span>
     <span class='ocr_line' id='line_1_8' title="bbox 186 642 1865 711; baseline 0.004 -20"><span class='ocrx_word' id='word_1_48' title='bbox 186 654 302 691; x_wconf 82' lang='lat' dir='ltr'>rent</span> <span class='ocrx_word' id='word_1_49' title='bbox 323 683 335 704; x_wconf 89' lang='lat'>,</span> <span class='ocrx_word' id='word_1_50' title='bbox 354 658 454 708; x_wconf 88' lang='lat' dir='ltr'>qua</span> <span class='ocrx_word' id='word_1_51' title='bbox 476 644 761 694; x_wconf 87' lang='lat' dir='ltr'>minimum</span> <span class='ocrx_word' id='word_1_52' title='bbox 794 644 922 694; x_wconf 79' lang='lat' dir='ltr'>labis</span> <span class='ocrx_word' id='word_1_53' title='bbox 949 642 1315 710; x_wconf 86' lang='lat' dir='ltr'>adspergeretur</span> <span class='ocrx_word' id='word_1_54' title='bbox 1338 645 1510 711; x_wconf 67' lang='lat' dir='ltr'>Regiae</span> <span class='ocrx_word' id='word_1_55' title='bbox 1541 642 1865 711; x_wconf 84' lang='lat' dir='ltr'>Maiestati‚&amp;</span> 
     </span>
     <span class='ocr_line' id='line_1_9' title="bbox 186 715 1861 785; baseline 0.004 -20"><span class='ocrx_word' id='word_1_56' title='bbox 186 715 324 767; x_wconf 81' lang='lat' dir='ltr'>Celsi</span> <span class='ocrx_word' id='word_1_57' title='bbox 334 716 497 766; x_wconf 83' lang='lat' dir='ltr'>tudini</span> <span class='ocrx_word' id='word_1_58' title='bbox 515 717 964 785; x_wconf 85' lang='lat' dir='ltr'>Serenissimorum</span> <span class='ocrx_word' id='word_1_59' title='bbox 978 717 1351 768; x_wconf 81' lang='lat' dir='ltr'>Archiducum.</span> <span class='ocrx_word' id='word_1_60' title='bbox 1368 720 1538 769; x_wconf 89' lang='lat' dir='ltr'>Totus</span> <span class='ocrx_word' id='word_1_61' title='bbox 1555 719 1692 768; x_wconf 87' lang='lat' dir='ltr'>orbis</span> <span class='ocrx_word' id='word_1_62' title='bbox 1710 733 1861 771; x_wconf 87' lang='lat' dir='ltr'>terra-</span> 
     </span>
     <span class='ocr_line' id='line_1_10' title="bbox 183 791 1859 859; baseline 0.002 -17"><span class='ocrx_word' id='word_1_63' title='bbox 183 805 299 842; x_wconf 79' lang='lat' dir='ltr'>rum</span> <span class='ocrx_word' id='word_1_64' title='bbox 323 805 516 842; x_wconf 80' lang='lat' dir='ltr'>exercet</span> <span class='ocrx_word' id='word_1_65' title='bbox 532 791 858 844; x_wconf 79' lang='lat' dir='ltr'>histrioniam</span> <span class='ocrx_word' id='word_1_66' title='bbox 879 836 891 856; x_wconf 87' lang='lat'>,</span> <span class='ocrx_word' id='word_1_67' title='bbox 909 795 976 842; x_wconf 87' lang='lat' dir='ltr'>ait</span> <span class='ocrx_word' id='word_1_68' title='bbox 1009 791 1203 842; x_wconf 76' lang='lat' dir='ltr'>facetus</span> <span class='ocrx_word' id='word_1_69' title='bbox 1231 791 1437 859; x_wconf 85' lang='lat' dir='ltr'>quidam</span> <span class='ocrx_word' id='word_1_70' title='bbox 1457 791 1646 844; x_wconf 83' lang='lat' dir='ltr'>author</span> <span class='ocrx_word' id='word_1_71' title='bbox 1675 841 1688 857; x_wconf 76' lang='lat'>‚</span> <span class='ocrx_word' id='word_1_72' title='bbox 1723 808 1859 847; x_wconf 82' lang='lat' dir='ltr'>certe</span> 
     </span>
     <span class='ocr_line' id='line_1_11' title="bbox 182 863 1859 934; baseline 0.002 -20"><span class='ocrx_word' id='word_1_73' title='bbox 182 865 437 932; x_wconf 79' lang='lat' dir='ltr'>nusquam</span> <span class='ocrx_word' id='word_1_74' title='bbox 471 863 635 934; x_wconf 82' lang='lat' dir='ltr'>magis</span> <span class='ocrx_word' id='word_1_75' title='bbox 651 868 679 917; x_wconf 89' lang='lat' dir='ltr'>s</span> <span class='ocrx_word' id='word_1_76' title='bbox 673 884 805 918; x_wconf 82' lang='lat' dir='ltr'>cenae</span> <span class='ocrx_word' id='word_1_77' title='bbox 826 869 871 916; x_wconf 69' lang='grc' dir='ltr'>δι</span> <span class='ocrx_word' id='word_1_78' title='bbox 890 868 1082 934; x_wconf 87' lang='lat' dir='ltr'>populo</span> <span class='ocrx_word' id='word_1_79' title='bbox 1117 865 1356 929; x_wconf 75' lang='lat' dir='ltr'>servitur,</span> <span class='ocrx_word' id='word_1_80' title='bbox 1375 884 1529 934; x_wconf 79' lang='lat' dir='ltr'>quam</span> <span class='ocrx_word' id='word_1_81' title='bbox 1562 868 1615 915; x_wconf 88' lang='lat' dir='ltr'>in</span> <span class='ocrx_word' id='word_1_82' title='bbox 1642 868 1859 918; x_wconf 64' lang='lat' dir='ltr'>actioni-</span> 
     </span>
     <span class='ocr_line' id='line_1_12' title="bbox 183 937 1854 1009; baseline 0.002 -20"><span class='ocrx_word' id='word_1_83' title='bbox 183 939 280 990; x_wconf 84' lang='lat' dir='ltr'>bus</span> <span class='ocrx_word' id='word_1_84' title='bbox 294 937 593 1007; x_wconf 81' lang='lat' dir='ltr'>magnatum</span> <span class='ocrx_word' id='word_1_85' title='bbox 612 984 624 1005; x_wconf 86' lang='lat'>‚</span> <span class='ocrx_word' id='word_1_86' title='bbox 638 944 727 993; x_wconf 89' lang='lat' dir='ltr'>ubi</span> <span class='ocrx_word' id='word_1_87' title='bbox 745 958 852 1009; x_wconf 89' lang='lat' dir='ltr'>quo</span> <span class='ocrx_word' id='word_1_88' title='bbox 879 942 986 1008; x_wconf 87' lang='lat' dir='ltr'>plus</span> <span class='ocrx_word' id='word_1_89' title='bbox 1001 957 1197 1009; x_wconf 86' lang='lat' dir='ltr'>pompae</span> <span class='ocrx_word' id='word_1_90' title='bbox 1228 942 1275 990; x_wconf 86' lang='lat'>&amp;</span> <span class='ocrx_word' id='word_1_91' title='bbox 1292 941 1613 992; x_wconf 74' lang='lat' dir='ltr'>ostetationis</span> <span class='ocrx_word' id='word_1_92' title='bbox 1628 958 1854 1008; x_wconf 81' lang='lat' dir='ltr'>apparet,</span> 
     </span>
     <span class='ocr_line' id='line_1_13' title="bbox 183 1013 2061 1083; baseline 0.003 -19"><span class='ocrx_word' id='word_1_93' title='bbox 183 1019 431 1068; x_wconf 86' lang='lat' dir='ltr'>eominus</span> <span class='ocrx_word' id='word_1_94' title='bbox 446 1013 613 1064; x_wconf 87' lang='lat' dir='ltr'>solidae</span> <span class='ocrx_word' id='word_1_95' title='bbox 631 1018 854 1068; x_wconf 82' lang='lat' dir='ltr'>veritatis</span> <span class='ocrx_word' id='word_1_96' title='bbox 887 1015 1066 1066; x_wconf 88' lang='lat' dir='ltr'>subest.</span> <span class='ocrx_word' id='word_1_97' title='bbox 1103 1016 1290 1065; x_wconf 89' lang='lat' dir='ltr'>Tertio</span> <span class='ocrx_word' id='word_1_98' title='bbox 1317 1029 1575 1067; x_wconf 84' lang='lat' dir='ltr'>conventu</span> <span class='ocrx_word' id='word_1_99' title='bbox 1608 1018 1853 1083; x_wconf 79' lang='lat' dir='ltr'>propositi</span> <span class='ocrx_word' id='word_1_100' title='bbox 1887 1020 1945 1048; x_wconf 82' lang='lat'>¹¹¹</span> <span class='ocrx_word' id='word_1_101' title='bbox 1969 1013 2061 1055; x_wconf 63' lang='lat' dir='ltr'>Fid·</span> 
     </span>
     <span class='ocr_line' id='line_1_14' title="bbox 178 1067 1998 1158; baseline 0.002 -19"><span class='ocrx_word' id='word_1_102' title='bbox 178 1087 297 1140; x_wconf 89' lang='lat' dir='ltr'>sunt</span> <span class='ocrx_word' id='word_1_103' title='bbox 313 1090 503 1142; x_wconf 82' lang='lat' dir='ltr'>articuli</span> <span class='ocrx_word' id='word_1_104' title='bbox 519 1088 708 1158; x_wconf 87' lang='lat' dir='ltr'>scripto</span> <span class='ocrx_word' id='word_1_105' title='bbox 738 1089 1122 1157; x_wconf 70' lang='lat' dir='ltr'>comprehensi,</span> <span class='ocrx_word' id='word_1_106' title='bbox 1153 1089 1335 1156; x_wconf 86' lang='lat' dir='ltr'>quibus</span> <span class='ocrx_word' id='word_1_107' title='bbox 1360 1089 1721 1139; x_wconf 84' lang='lat' dir='ltr'>continebatur</span> <span class='ocrx_word' id='word_1_108' title='bbox 1748 1089 1851 1142; x_wconf 82' lang='lat' dir='ltr'>for·</span> <span class='ocrx_word' id='word_1_109' title='bbox 1883 1067 1998 1108; x_wconf 39' lang='grc' dir='ltr'>ΗΜ</span> 
     </span>
     <span class='ocr_line' id='line_1_15' title="bbox 177 1162 1853 1232; baseline 0.003 -19"><span class='ocrx_word' id='word_1_110' title='bbox 177 1164 325 1215; x_wconf 89' lang='lat' dir='ltr'>mula</span> <span class='ocrx_word' id='word_1_111' title='bbox 349 1163 684 1216; x_wconf 83' lang='lat' dir='ltr'>vindiciarum</span> <span class='ocrx_word' id='word_1_112' title='bbox 706 1209 718 1228; x_wconf 90' lang='lat'>‚</span> <span class='ocrx_word' id='word_1_113' title='bbox 747 1167 802 1214; x_wconf 90' lang='lat' dir='ltr'>in</span> <span class='ocrx_word' id='word_1_114' title='bbox 833 1180 986 1232; x_wconf 86' lang='lat' dir='ltr'>quam</span> <span class='ocrx_word' id='word_1_115' title='bbox 1023 1164 1304 1231; x_wconf 87' lang='lat' dir='ltr'>cupiebant</span> <span class='ocrx_word' id='word_1_116' title='bbox 1319 1163 1546 1214; x_wconf 82' lang='lat' dir='ltr'>Ordines</span> <span class='ocrx_word' id='word_1_117' title='bbox 1569 1162 1853 1218; x_wconf 82' lang='lat' dir='ltr'>consentire</span> 
     </span>
     <span class='ocr_line' id='line_1_16' title="bbox 178 1237 1852 1306; baseline 0.001 -18"><span class='ocrx_word' id='word_1_118' title='bbox 178 1237 381 1306; x_wconf 84' lang='lat' dir='ltr'>Regem</span> <span class='ocrx_word' id='word_1_119' title='bbox 403 1238 801 1291; x_wconf 80' lang='lat' dir='ltr'>&amp;Archiduce3.</span> <span class='ocrx_word' id='word_1_120' title='bbox 838 1241 1104 1289; x_wconf 86' lang='lat' dir='ltr'>Nimirum</span> <span class='ocrx_word' id='word_1_121' title='bbox 1121 1251 1175 1287; x_wconf 89' lang='lat' dir='ltr'>ut</span> <span class='ocrx_word' id='word_1_122' title='bbox 1191 1241 1457 1305; x_wconf 86' lang='lat' dir='ltr'>conceptis</span> <span class='ocrx_word' id='word_1_123' title='bbox 1485 1238 1654 1290; x_wconf 83' lang='lat' dir='ltr'>verbis</span> <span class='ocrx_word' id='word_1_124' title='bbox 1669 1280 1682 1301; x_wconf 83' lang='lat'>‚</span> <span class='ocrx_word' id='word_1_125' title='bbox 1702 1240 1748 1287; x_wconf 85' lang='lat'>&amp;</span> <span class='ocrx_word' id='word_1_126' title='bbox 1779 1240 1852 1290; x_wconf 84' lang='lat' dir='ltr'>di-</span> 
     </span>
     <span class='ocr_line' id='line_1_17' title="bbox 176 1311 1851 1377; baseline 0.001 -13"><span class='ocrx_word' id='word_1_127' title='bbox 176 1313 308 1364; x_wconf 79' lang='lat' dir='ltr'>serta</span> <span class='ocrx_word' id='word_1_128' title='bbox 321 1316 676 1365; x_wconf 80' lang='lat' dir='ltr'>enuntiatione</span> <span class='ocrx_word' id='word_1_129' title='bbox 690 1314 984 1365; x_wconf 78' lang='lat' dir='ltr'>abdicarent</span> <span class='ocrx_word' id='word_1_130' title='bbox 1001 1331 1028 1364; x_wconf 92' lang='lat' dir='ltr'>a</span> <span class='ocrx_word' id='word_1_131' title='bbox 1043 1312 1091 1362; x_wconf 89' lang='lat' dir='ltr'>se</span> <span class='ocrx_word' id='word_1_132' title='bbox 1104 1311 1295 1377; x_wconf 86' lang='lat' dir='ltr'>suisque</span> <span class='ocrx_word' id='word_1_133' title='bbox 1308 1312 1587 1364; x_wconf 84' lang='lat' dir='ltr'>heredibus</span> <span class='ocrx_word' id='word_1_134' title='bbox 1603 1353 1617 1374; x_wconf 86' lang='lat'>,</span> <span class='ocrx_word' id='word_1_135' title='bbox 1662 1329 1720 1362; x_wconf 83' lang='lat' dir='ltr'>ac</span> <span class='ocrx_word' id='word_1_136' title='bbox 1748 1315 1851 1366; x_wconf 81' lang='lat' dir='ltr'>suc-</span> 
     </span>
     <span class='ocr_line' id='line_1_18' title="bbox 176 1385 1845 1456; baseline -0.001 -18"><span class='ocrx_word' id='word_1_137' title='bbox 176 1385 456 1439; x_wconf 80' lang='lat' dir='ltr'>cefforibus</span> <span class='ocrx_word' id='word_1_138' title='bbox 473 1404 632 1439; x_wconf 88' lang='lat' dir='ltr'>omne</span> <span class='ocrx_word' id='word_1_139' title='bbox 650 1391 739 1452; x_wconf 82' lang='lat' dir='ltr'>jus,</span> <span class='ocrx_word' id='word_1_140' title='bbox 759 1389 901 1456; x_wconf 84' lang='lat' dir='ltr'>quod</span> <span class='ocrx_word' id='word_1_141' title='bbox 916 1390 967 1437; x_wconf 93' lang='lat' dir='ltr'>in</span> <span class='ocrx_word' id='word_1_142' title='bbox 985 1387 1274 1438; x_wconf 83' lang='lat' dir='ltr'>Provincias</span> <span class='ocrx_word' id='word_1_143' title='bbox 1302 1401 1472 1438; x_wconf 84' lang='lat' dir='ltr'>unitas</span> <span class='ocrx_word' id='word_1_144' title='bbox 1496 1403 1726 1452; x_wconf 87' lang='lat' dir='ltr'>unquam</span> <span class='ocrx_word' id='word_1_145' title='bbox 1756 1388 1845 1440; x_wconf 69' lang='lat' dir='ltr'>ha.</span> 
     </span>
     <span class='ocr_line' id='line_1_19' title="bbox 175 1461 1848 1531; baseline 0.001 -19"><span class='ocrx_word' id='word_1_146' title='bbox 175 1461 402 1514; x_wconf 82' lang='lat' dir='ltr'>buiffent</span> <span class='ocrx_word' id='word_1_147' title='bbox 419 1505 431 1527; x_wconf 85' lang='lat'>‚</span> <span class='ocrx_word' id='word_1_148' title='bbox 455 1476 537 1513; x_wconf 90' lang='lat' dir='ltr'>aut</span> <span class='ocrx_word' id='word_1_149' title='bbox 553 1463 864 1531; x_wconf 67' lang='lat' dir='ltr'>prsetendere</span> <span class='ocrx_word' id='word_1_150' title='bbox 880 1462 1097 1531; x_wconf 84' lang='lat' dir='ltr'>possent,</span> <span class='ocrx_word' id='word_1_151' title='bbox 1113 1477 1207 1511; x_wconf 88' lang='lat' dir='ltr'>nec</span> <span class='ocrx_word' id='word_1_152' title='bbox 1225 1461 1396 1511; x_wconf 88' lang='lat' dir='ltr'>titulos</span> <span class='ocrx_word' id='word_1_153' title='bbox 1412 1462 1622 1528; x_wconf 83' lang='lat' dir='ltr'>amplius</span> <span class='ocrx_word' id='word_1_154' title='bbox 1648 1462 1848 1530; x_wconf 85' lang='lat' dir='ltr'>usurpa-</span> 
     </span>
     <span class='ocr_line' id='line_1_20' title="bbox 173 1535 1848 1603; baseline -0.001 -15"><span class='ocrx_word' id='word_1_155' title='bbox 173 1551 308 1601; x_wconf 83' lang='lat' dir='ltr'>rent,</span> <span class='ocrx_word' id='word_1_156' title='bbox 326 1552 409 1588; x_wconf 83' lang='lat' dir='ltr'>aut</span> <span class='ocrx_word' id='word_1_157' title='bbox 424 1538 644 1603; x_wconf 79' lang='lat' dir='ltr'>iniignia</span> <span class='ocrx_word' id='word_1_158' title='bbox 661 1542 958 1588; x_wconf 86' lang='lat' dir='ltr'>retinerent.</span> <span class='ocrx_word' id='word_1_159' title='bbox 978 1535 1097 1591; x_wconf 88' lang='lat' dir='ltr'>Visa</span> <span class='ocrx_word' id='word_1_160' title='bbox 1117 1537 1184 1586; x_wconf 83' lang='lat' dir='ltr'>est</span> <span class='ocrx_word' id='word_1_161' title='bbox 1201 1550 1380 1603; x_wconf 82' lang='lat' dir='ltr'>parum</span> <span class='ocrx_word' id='word_1_162' title='bbox 1399 1537 1556 1587; x_wconf 87' lang='lat' dir='ltr'>civilis</span> <span class='ocrx_word' id='word_1_163' title='bbox 1569 1535 1848 1588; x_wconf 83' lang='lat' dir='ltr'>verborum</span> 
     </span>
     <span class='ocr_line' id='line_1_21' title="bbox 172 1611 1847 1679; baseline 0 -18"><span class='ocrx_word' id='word_1_164' title='bbox 172 1614 570 1679; x_wconf 87' lang='lat' dir='ltr'>concepti0‚nec</span> <span class='ocrx_word' id='word_1_165' title='bbox 600 1611 826 1662; x_wconf 87' lang='lat' dir='ltr'>delicatis</span> <span class='ocrx_word' id='word_1_166' title='bbox 845 1655 856 1675; x_wconf 86' lang='lat'>‚</span> <span class='ocrx_word' id='word_1_167' title='bbox 878 1615 925 1661; x_wconf 70' lang='grc' dir='ltr'>δε</span> <span class='ocrx_word' id='word_1_168' title='bbox 943 1611 1148 1662; x_wconf 83' lang='lat' dir='ltr'>tenellis</span> <span class='ocrx_word' id='word_1_169' title='bbox 1173 1612 1381 1676; x_wconf 82' lang='lat' dir='ltr'>Regum</span> <span class='ocrx_word' id='word_1_170' title='bbox 1409 1611 1610 1661; x_wconf 81' lang='lat' dir='ltr'>auribus</span> <span class='ocrx_word' id='word_1_171' title='bbox 1640 1626 1847 1662; x_wconf 84' lang='lat' dir='ltr'>accom-</span> 
     </span>
     <span class='ocr_line' id='line_1_22' title="bbox 171 1682 1844 1754; baseline -0.002 -18"><span class='ocrx_word' id='word_1_172' title='bbox 171 1687 385 1737; x_wconf 88' lang='lat' dir='ltr'>modata</span> <span class='ocrx_word' id='word_1_173' title='bbox 402 1729 417 1753; x_wconf 71' lang='lat'>‚</span> <span class='ocrx_word' id='word_1_174' title='bbox 435 1702 532 1754; x_wconf 88' lang='lat' dir='ltr'>qua</span> <span class='ocrx_word' id='word_1_175' title='bbox 549 1686 891 1738; x_wconf 81' lang='lat' dir='ltr'>vehementer</span> <span class='ocrx_word' id='word_1_176' title='bbox 915 1684 1100 1737; x_wconf 80' lang='lat' dir='ltr'>offensi</span> <span class='ocrx_word' id='word_1_177' title='bbox 1127 1684 1438 1750; x_wconf 77' lang='lat' dir='ltr'>suntLegati</span> <span class='ocrx_word' id='word_1_178' title='bbox 1466 1682 1844 1747; x_wconf 84' lang='lat' dir='ltr'>Archiducum,</span> 
     </span>
     <span class='ocr_line' id='line_1_23' title="bbox 173 1758 1844 1825; baseline 0 -14"><span class='ocrx_word' id='word_1_179' title='bbox 173 1775 532 1813; x_wconf 85' lang='lat' dir='ltr'>concoxerunt</span> <span class='ocrx_word' id='word_1_180' title='bbox 548 1775 719 1812; x_wconf 75' lang='lat' dir='ltr'>tamen</span> <span class='ocrx_word' id='word_1_181' title='bbox 737 1761 1105 1813; x_wconf 87' lang='lat' dir='ltr'>contumeliam</span> <span class='ocrx_word' id='word_1_182' title='bbox 1122 1759 1297 1809; x_wconf 87' lang='lat' dir='ltr'>Stoico</span> <span class='ocrx_word' id='word_1_183' title='bbox 1312 1759 1583 1809; x_wconf 81' lang='lat' dir='ltr'>stomacho</span> <span class='ocrx_word' id='word_1_184' title='bbox 1620 1799 1637 1825; x_wconf 56' lang='lat'>2</span> <span class='ocrx_word' id='word_1_185' title='bbox 1656 1760 1704 1807; x_wconf 60' lang='grc' dir='ltr'>ὃς</span> <span class='ocrx_word' id='word_1_186' title='bbox 1718 1758 1766 1808; x_wconf 90' lang='lat' dir='ltr'>se</span> <span class='ocrx_word' id='word_1_187' title='bbox 1786 1777 1844 1811; x_wconf 82' lang='lat' dir='ltr'>ea</span> 
     </span>
     <span class='ocr_line' id='line_1_24' title="bbox 173 1833 1840 1903; baseline -0.001 -19"><span class='ocrx_word' id='word_1_188' title='bbox 173 1835 236 1885; x_wconf 90' lang='lat' dir='ltr'>de</span> <span class='ocrx_word' id='word_1_189' title='bbox 255 1852 308 1887; x_wconf 81' lang='lat' dir='ltr'>re</span> <span class='ocrx_word' id='word_1_190' title='bbox 325 1838 544 1903; x_wconf 81' lang='lat' dir='ltr'>amplius</span> <span class='ocrx_word' id='word_1_191' title='bbox 561 1834 928 1897; x_wconf 77' lang='lat' dir='ltr'>deliberaturos</span> <span class='ocrx_word' id='word_1_192' title='bbox 943 1835 1120 1898; x_wconf 82' lang='lat' dir='ltr'>testati,</span> <span class='ocrx_word' id='word_1_193' title='bbox 1138 1833 1386 1884; x_wconf 84' lang='lat' dir='ltr'>miserunt</span> <span class='ocrx_word' id='word_1_194' title='bbox 1403 1836 1659 1883; x_wconf 83' lang='lat' dir='ltr'>continuo</span> <span class='ocrx_word' id='word_1_195' title='bbox 1675 1850 1840 1883; x_wconf 81' lang='lat' dir='ltr'>exem-</span> 
     </span>
     <span class='ocr_line' id='line_1_25' title="bbox 170 1907 1836 1977; baseline -0.001 -18"><span class='ocrx_word' id='word_1_196' title='bbox 170 1910 315 1977; x_wconf 89' lang='lat' dir='ltr'>plum</span> <span class='ocrx_word' id='word_1_197' title='bbox 335 1910 606 1962; x_wconf 77' lang='lat' dir='ltr'>horrendae</span> <span class='ocrx_word' id='word_1_198' title='bbox 621 1911 742 1976; x_wconf 81' lang='lat' dir='ltr'>legis</span> <span class='ocrx_word' id='word_1_199' title='bbox 757 1909 820 1961; x_wconf 85' lang='lat' dir='ltr'>ad</span> <span class='ocrx_word' id='word_1_200' title='bbox 835 1908 1152 1961; x_wconf 81' lang='lat' dir='ltr'>Archiduces</span> <span class='ocrx_word' id='word_1_201' title='bbox 1166 1922 1413 1959; x_wconf 86' lang='lat' dir='ltr'>uteorum</span> <span class='ocrx_word' id='word_1_202' title='bbox 1428 1907 1457 1956; x_wconf 87' lang='lat' dir='ltr'>s</span> <span class='ocrx_word' id='word_1_203' title='bbox 1453 1925 1475 1956; x_wconf 85' lang='lat' dir='ltr'>e</span> <span class='ocrx_word' id='word_1_204' title='bbox 1485 1909 1741 1958; x_wconf 83' lang='lat' dir='ltr'>utentiam</span> <span class='ocrx_word' id='word_1_205' title='bbox 1757 1925 1836 1958; x_wconf 77' lang='lat' dir='ltr'>ex-</span> 
     </span>
     <span class='ocr_line' id='line_1_26' title="bbox 171 1982 1836 2052; baseline -0.002 -18"><span class='ocrx_word' id='word_1_206' title='bbox 171 1988 454 2052; x_wconf 86' lang='lat' dir='ltr'>quirerent.</span> <span class='ocrx_word' id='word_1_207' title='bbox 501 1987 702 2037; x_wconf 79' lang='lat' dir='ltr'>Interea</span> <span class='ocrx_word' id='word_1_208' title='bbox 720 1987 935 2051; x_wconf 78' lang='lat' dir='ltr'>graviter</span> <span class='ocrx_word' id='word_1_209' title='bbox 952 1984 1085 2036; x_wconf 86' lang='lat' dir='ltr'>hanc</span> <span class='ocrx_word' id='word_1_210' title='bbox 1102 1984 1343 2046; x_wconf 75' lang='lat' dir='ltr'>injuriam</span> <span class='ocrx_word' id='word_1_211' title='bbox 1361 1982 1494 2049; x_wconf 82' lang='lat' dir='ltr'>apud</span> <span class='ocrx_word' id='word_1_212' title='bbox 1508 1983 1836 2048; x_wconf 76' lang='lat' dir='ltr'>LegatosRe.</span> 
     </span>
     <span class='ocr_line' id='line_1_27' title="bbox 170 2056 1838 2127; baseline -0.001 -19"><span class='ocrx_word' id='word_1_213' title='bbox 170 2075 297 2127; x_wconf 88' lang='lat' dir='ltr'>gum</span> <span class='ocrx_word' id='word_1_214' title='bbox 311 2061 358 2109; x_wconf 73' lang='grc' dir='ltr'>ὅ(</span> <span class='ocrx_word' id='word_1_215' title='bbox 375 2060 672 2127; x_wconf 85' lang='lat' dir='ltr'>Principum</span> <span class='ocrx_word' id='word_1_216' title='bbox 686 2073 1044 2127; x_wconf 77' lang='lat' dir='ltr'>exaggerarunt</span> <span class='ocrx_word' id='word_1_217' title='bbox 1055 2060 1347 2109; x_wconf 67' lang='lat' dir='ltr'>AEnimvero</span> <span class='ocrx_word' id='word_1_218' title='bbox 1364 2073 1474 2106; x_wconf 77' lang='lat' dir='ltr'>non</span> <span class='ocrx_word' id='word_1_219' title='bbox 1493 2057 1653 2108; x_wconf 81' lang='lat' dir='ltr'>videri</span> <span class='ocrx_word' id='word_1_220' title='bbox 1667 2056 1838 2126; x_wconf 38' lang='lat' dir='ltr'>feren,-</span> 
     </span>
     <span class='ocr_line' id='line_1_28' title="bbox 171 2130 1836 2202; baseline -0.004 -17"><span class='ocrx_word' id='word_1_221' title='bbox 171 2135 292 2185; x_wconf 80' lang='lat' dir='ltr'>dam</span> <span class='ocrx_word' id='word_1_222' title='bbox 310 2137 515 2202; x_wconf 84' lang='lat' dir='ltr'>privatis</span> <span class='ocrx_word' id='word_1_223' title='bbox 531 2134 846 2190; x_wconf 86' lang='lat' dir='ltr'>hominibus,</span> <span class='ocrx_word' id='word_1_224' title='bbox 866 2134 1062 2184; x_wconf 87' lang='lat' dir='ltr'>nedum</span> <span class='ocrx_word' id='word_1_225' title='bbox 1078 2133 1396 2201; x_wconf 77' lang='lat' dir='ltr'>sceptrigeris</span> <span class='ocrx_word' id='word_1_226' title='bbox 1412 2131 1647 2198; x_wconf 76' lang='lat' dir='ltr'>Regibus</span> <span class='ocrx_word' id='word_1_227' title='bbox 1665 2130 1836 2193; x_wconf 75' lang='lat' dir='ltr'>adim-</span> 
     </span>
     <span class='ocr_line' id='line_1_29' title="bbox 167 2206 1827 2277; baseline -0.005 -16"><span class='ocrx_word' id='word_1_228' title='bbox 167 2211 372 2276; x_wconf 89' lang='lat' dir='ltr'>perium</span> <span class='ocrx_word' id='word_1_229' title='bbox 389 2210 696 2274; x_wconf 77' lang='lat' dir='ltr'>nati5‚talem</span> <span class='ocrx_word' id='word_1_230' title='bbox 711 2208 970 2277; x_wconf 88' lang='lat' dir='ltr'>popularis</span> <span class='ocrx_word' id='word_1_231' title='bbox 985 2209 1137 2259; x_wconf 84' lang='lat' dir='ltr'>turbae</span> <span class='ocrx_word' id='word_1_232' title='bbox 1153 2206 1560 2269; x_wconf 49' lang='lat' dir='ltr'>insolentiannut</span> <span class='ocrx_word' id='word_1_233' title='bbox 1578 2221 1684 2254; x_wconf 84' lang='lat' dir='ltr'>non</span> <span class='ocrx_word' id='word_1_234' title='bbox 1707 2220 1827 2254; x_wconf 86' lang='lat' dir='ltr'>con-</span> 
     </span>
     <span class='ocr_line' id='line_1_30' title="bbox 169 2279 1826 2351; baseline -0.005 -16"><span class='ocrx_word' id='word_1_235' title='bbox 169 2286 301 2335; x_wconf 89' lang='lat' dir='ltr'>tenti</span> <span class='ocrx_word' id='word_1_236' title='bbox 333 2284 659 2351; x_wconf 82' lang='lat' dir='ltr'>fintpatriam</span> <span class='ocrx_word' id='word_1_237' title='bbox 688 2285 737 2332; x_wconf 66' lang='grc' dir='ltr'>ὅς</span> <span class='ocrx_word' id='word_1_238' title='bbox 763 2286 952 2335; x_wconf 85' lang='lat' dir='ltr'>avitam</span> <span class='ocrx_word' id='word_1_239' title='bbox 969 2282 1314 2334; x_wconf 75' lang='lat' dir='ltr'>hereditatem</span> <span class='ocrx_word' id='word_1_240' title='bbox 1347 2281 1614 2333; x_wconf 79' lang='lat' dir='ltr'>Austriacae</span> <span class='ocrx_word' id='word_1_241' title='bbox 1643 2279 1826 2329; x_wconf 84' lang='lat' dir='ltr'>domus</span> 
     </span>
     <span class='ocr_line' id='line_1_31' title="bbox 166 2352 1827 2426; baseline -0.004 -18"><span class='ocrx_word' id='word_1_242' title='bbox 166 2357 442 2426; x_wconf 80' lang='lat' dir='ltr'>possidere,</span> <span class='ocrx_word' id='word_1_243' title='bbox 460 2360 553 2410; x_wconf 69' lang='lat' dir='ltr'>nlss</span> <span class='ocrx_word' id='word_1_244' title='bbox 571 2359 824 2425; x_wconf 87' lang='lat' dir='ltr'>legitimos</span> <span class='ocrx_word' id='word_1_245' title='bbox 849 2356 1143 2408; x_wconf 76' lang='lat' dir='ltr'>success&#39;ores</span> <span class='ocrx_word' id='word_1_246' title='bbox 1172 2372 1282 2405; x_wconf 85' lang='lat' dir='ltr'>non</span> <span class='ocrx_word' id='word_1_247' title='bbox 1314 2356 1481 2406; x_wconf 89' lang='lat' dir='ltr'>solum</span> <span class='ocrx_word' id='word_1_248' title='bbox 1499 2355 1564 2403; x_wconf 89' lang='lat' dir='ltr'>ab</span> <span class='ocrx_word' id='word_1_249' title='bbox 1580 2355 1727 2403; x_wconf 89' lang='lat' dir='ltr'>omni</span> <span class='ocrx_word' id='word_1_250' title='bbox 1744 2352 1827 2418; x_wconf 79' lang='lat' dir='ltr'>spe</span> 
     </span>
     <span class='ocr_line' id='line_1_32' title="bbox 167 2429 1826 2500; baseline -0.005 -17"><span class='ocrx_word' id='word_1_251' title='bbox 167 2432 497 2499; x_wconf 84' lang='lat' dir='ltr'>recuperandi</span> <span class='ocrx_word' id='word_1_252' title='bbox 515 2434 813 2500; x_wconf 81' lang='lat' dir='ltr'>patrimonij</span> <span class='ocrx_word' id='word_1_253' title='bbox 834 2432 1192 2495; x_wconf 70' lang='lat' dir='ltr'>submoveant,</span> <span class='ocrx_word' id='word_1_254' title='bbox 1208 2429 1290 2480; x_wconf 88' lang='lat' dir='ltr'>sed</span> <span class='ocrx_word' id='word_1_255' title='bbox 1304 2434 1454 2480; x_wconf 85' lang='lat' dir='ltr'>etiam</span> <span class='ocrx_word' id='word_1_256' title='bbox 1476 2440 1660 2478; x_wconf 72' lang='lat' dir='ltr'>exuant</span> <span class='ocrx_word' id='word_1_257' title='bbox 1676 2443 1826 2475; x_wconf 75' lang='lat' dir='ltr'>orna-</span> 
     </span>
     <span class='ocr_line' id='line_1_33' title="bbox 167 2499 1829 2572; baseline -0.008 -13"><span class='ocrx_word' id='word_1_258' title='bbox 167 2510 358 2559; x_wconf 85' lang='lat' dir='ltr'>mentis</span> <span class='ocrx_word' id='word_1_259' title='bbox 372 2507 655 2559; x_wconf 66' lang='lat' dir='ltr'>evanidoru</span> <span class='ocrx_word' id='word_1_260' title='bbox 672 2510 970 2569; x_wconf 86' lang='lat' dir='ltr'>nominum,</span> <span class='ocrx_word' id='word_1_261' title='bbox 990 2510 1041 2556; x_wconf 89' lang='lat' dir='ltr'>in</span> <span class='ocrx_word' id='word_1_262' title='bbox 1061 2506 1245 2572; x_wconf 78' lang='lat' dir='ltr'>quibus</span> <span class='ocrx_word' id='word_1_263' title='bbox 1258 2517 1432 2570; x_wconf 72' lang='lat' dir='ltr'>praeter</span> <span class='ocrx_word' id='word_1_264' title='bbox 1447 2502 1663 2570; x_wconf 81' lang='lat' dir='ltr'>gloriam</span> <span class='ocrx_word' id='word_1_265' title='bbox 1695 2499 1829 2550; x_wconf 81' lang='lat' dir='ltr'>nihil</span> 
     </span>
    </p>
   </div>
   <div class='ocr_carea' id='block_1_2' title="bbox 164 2576 1836 2714">
    <p class='ocr_par' dir='ltr' id='par_1_2' title="bbox 164 2576 1836 2714">
     <span class='ocr_line' id='line_1_34' title="bbox 164 2576 1830 2703; baseline -0.008 -67"><span class='ocrx_word' id='word_1_266' title='bbox 164 2581 235 2636; x_wconf 87' lang='lat' dir='ltr'>est</span> <span class='ocrx_word' id='word_1_267' title='bbox 247 2580 911 2637; x_wconf 71' lang='lat' dir='ltr'>additamenti.Comniune</span> <span class='ocrx_word' id='word_1_268' title='bbox 926 2581 1040 2634; x_wconf 82' lang='lat' dir='ltr'>fieri</span> <span class='ocrx_word' id='word_1_269' title='bbox 1067 2581 1312 2703; x_wconf 49' lang='lat' dir='ltr'>iniurifim</span> <span class='ocrx_word' id='word_1_270' title='bbox 1330 2576 1830 2701; x_wconf 39' lang='lat' dir='ltr'>Majestarioxignium</span> 
     </span>
     <span class='ocr_line' id='line_1_35' title="bbox 1340 2661 1836 2714; baseline -0.006 -14"><span class='ocrx_word' id='word_1_271' title='bbox 1340 2670 1361 2711; x_wconf 83' lang='lat'>3</span> <span class='ocrx_word' id='word_1_272' title='bbox 1682 2661 1836 2714; x_wconf 82' lang='lat' dir='ltr'>egum</span> 
     </span>
    </p>
   </div>
  </div>
 </body>
</html>
