2284 3132
650 148 1004 200 BELotct
1064 148 1293 201 LrssER
1355 148 1403 200 1:
1784 156 1853 219 43

174 231 493 303 adpellerent
519 231 582 288 ad
606 233 755 287 bonae
781 237 885 305 spei
915 248 1092 304 caput,
1119 237 1357 289 sanarent
1395 234 1609 290 offensas
1635 236 1774 289 offici
1782 241 1844 302 js,

177 323 555 378 componerent
595 313 799 363 animos
827 310 889 362 ad
915 311 1219 379 obsequium
1256 354 1270 375 ‚
1309 312 1373 364 ad
1400 312 1677 375 Majestatis
1702 331 1845 366 reve.

178 386 396 435 rentiam
425 422 437 440 ,
468 383 531 435 ad
559 401 814 437 noxarum
851 385 1301 453 deprecationem.
1376 387 1466 436 His
1511 388 1729 450 artibnS,
1763 388 1841 438 his

173 457 428 508 machinis
459 459 899 527 perrumpendum
927 459 994 510 est
1019 463 1343 526 magnanimi
1374 463 1529 526 Regis
1559 463 1731 529 peetus
1751 506 1764 528 ,
1782 477 1838 514 ur

171 529 224 581 se
252 537 533 600 expugnari
559 534 733 584 volens
763 538 979 602 patiatur
999 572 1012 587 .
1069 535 1239 586 Aliter
1266 538 1382 601 cogi
1407 551 1517 585 non
1549 538 1746 603 potest,
1786 540 1835 589 ὃς

174 603 281 655 haec
312 609 386 658 vis
414 608 489 657 illi
516 621 657 674 grata
682 605 821 669 ”erit,
857 609 1097 674 idemque
1122 612 1200 658 ius
1231 609 1499 659 Sanatibus
1537 611 1644 660 esto
1689 612 1833 676 quod

95 735 98 738 Α
171 676 448 731 Forctibus.
486 682 742 748 Principes
771 683 978 733 heroica
1006 697 1177 732 mente
1202 683 1434 751 prceditos
1450 681 1704 735 assimilari
1733 684 1835 736 ful·-

170 755 661 824 minibus‚quornm
682 773 738 806 ea
759 770 937 807 natura
960 756 1029 806 cst
1056 769 1112 806 ut
1142 756 1338 808 cedenti
1368 760 1586 808 marei-iae
1605 772 1827 825 parcant,

169 827 425 880 obstantia
449 847 654 896 quaeque
681 830 994 897 perfringam
1012 874 1024 894 ‚
1045 847 1102 880 ac
1131 834 1182 879 in
1213 832 1468 898 pulverem
1510 847 1830 883 convertant.

171 899 427 969 Perquam
466 904 738 970 indignum
772 903 869 954 effe
905 904 1133 955 subditos
1175 904 1418 955 ferociter
1457 903 1707 971 insurgere
1743 906 1830 956 ad-

170 977 338 1029 versus
378 979 673 1045 Principem
711 979 803 1029 sibi
833 977 941 1029 fato
976 978 1149 1029 datum
1180 1021 1193 1042 ,
1230 981 1277 1028 ὅ(
1307 976 1513 1029 eosdem
1555 979 1829 1032 humiliter

170 1049 358 1102 servire
384 1050 599 1103 minutis
625 1054 1014 1118 tyrannionibus
1044 1095 1056 1115 ,
1097 1055 1185 1119 qui
1223 1055 1278 1103 in
1323 1051 1531 1103 turbido
1571 1068 1826 1121 capturam

173 1139 464 1178 exercerent
489 1169 501 1188 ‚
543 1128 590 1177 ὃς
615 1128 757 1177 malo
782 1128 991 1193 publico
1020 1128 1298 1193 potentiam
1339 1140 1488 1192 atque
1514 1143 1637 1193 opes
1684 1141 1828 1178 erant

172 1197 370 1266 adepti.
459 1201 551 1250 His
581 1203 628 1250 δε
655 1202 899 1253 similibus
934 1202 1196 1252 turbarum
1228 1203 1275 1250 <Sc
1316 1200 1620 1250 seditionum
1647 1204 1825 1252 incita-

169 1278 362 1325 mentis
391 1275 793 1325 sollicitabantur
822 1278 982 1326 animi
1015 1276 1183 1326 invilla
1220 1273 1574 1340 pacificatione
1603 1274 1828 1325 Coloni-

170 1349 304 1409 ensl,
346 1353 480 1401 cuius
509 1349 647 1400 haud
671 1355 907 1416 exiguum
936 1349 1190 1415 spectmen
1219 1347 1345 1397 illud
1373 1348 1466 1413 est,
1494 1347 1634 1415 quod
1655 1366 1713 1399 ex
1739 1348 1826 1399 de-

170 1438 285 1474 cem
310 1425 515 1491 Legatis
539 1427 622 1491 qui
659 1425 876 1474 nomine
904 1424 1164 1473 Ordinum
1209 1422 1538 1488 Belgicorum
1570 1423 1697 1473 istuc
1740 1440 1826 1474 ve.

168 1511 352 1548 nerant
377 1539 390 1562 ‚
427 1500 658 1566 quinque
698 1500 754 1547 in
794 1496 1190 1549 adversariorum
1243 1511 1406 1563 partes
1445 1495 1820 1548 concesserunt..

165 1574 367 1643 Qbus
397 1575 548 1623 rebus
578 1571 811 1624 effeetum
836 1571 932 1635 est,
960 1585 1016 1622 ut
1042 1571 1174 1622 nihil
1205 1569 1424 1620 Ordines
1454 1572 1584 1637 peius
1609 1573 1823 1622 extime-

165 1645 408 1697 scendum
438 1646 534 1698 effe
553 1649 944 1708 arbitrarentur,
977 1662 1133 1712 quam
1171 1661 1390 1695 omnem
1422 1647 1554 1711 pacis
1589 1646 1825 1694 mentio·

166 1735 287 1770 nem
309 1721 494 1772 ,Cuius
510 1737 710 1772 nomen
728 1717 1052 1790 ipsumgdulce
1070 1720 1157 1782 est,
1179 1722 1227 1769 &
1246 1735 1323 1769 res
1339 1717 1434 1783 ipsa
1463 1718 1710 1784 saluta1·i3‚
1731 1734 1826 1769 nec

167 1791 300 1846 adeo
313 1796 576 1862 quisquam
598 1793 794 1846 sensum
811 1793 1142 1843 humanitatis
1160 1795 1313 1855 exuit,
1332 1794 1456 1859 quin
1474 1807 1650 1859 pacem
1668 1808 1822 1857 quam

168 1868 365 1920 bellum
392 1871 564 1929 malit,
583 1864 661 1919 cui
688 1867 973 1936 quideligat
989 1870 1244 1934 integrum
1258 1868 1332 1917 sit.
1373 1864 1469 1914 Sed
1483 1879 1538 1914 ur
1554 1866 1700 1915 nullae
1716 1864 1828 1916 sunt

166 1943 354 1996 insidia:
380 1945 695 2011 capitaliores
712 1985 724 2007 ,
752 1957 909 2009 quam
925 1958 1034 2007 quae
1052 1942 1214 1992 latent
1240 1940 1331 1990 sub
1355 1940 1470 1990 velo
1500 1942 1697 2005 pietatis
1715 1980 1728 2002 ‚
1778 1941 1827 1989 ὃς

169 2016 581 2070 sanctissimarum
626 2015 1060 2068 necessitudinum
1088 2034 1099 2064 :
1134 2017 1199 2068 sic
1224 2016 1510 2064 maximum
1541 2014 1822 2078 periculum

174 2094 421 2143 imminet
437 2094 502 2142 ab
517 2095 577 2155 ijs
592 2084 882 2154 fraudibus,
898 2107 1003 2156 quae
1018 2088 1289 2156 speciosum
1307 2086 1435 2137 illud
1460 2089 1595 2154 pacis
1613 2101 1821 2152 praetex-

170 2179 278 2218 tum
296 2166 815 2216 obtendunt.Tamen
842 2179 897 2215 ut
913 2158 1093 2217 infensi
1111 2165 1266 2229 Regis
1283 2164 1482 2212 animus
1497 2163 1644 2210 omni
1660 2160 1820 2212 devo-

168 2243 320 2291 tionis
337 2243 384 2290 &
397 2241 723 2292 observantiae
738 2238 1110 2305 significatione
1124 2235 1637 2303 mitigaretuncunsta
1653 2251 1716 2300 pu
1727 2235 1821 2283 bli-

170 2331 229 2366 ce
245 2315 334 2365 sub
364 2317 504 2380 regio
521 2317 742 2364 nomine
761 2312 1259 2370 administrabantur,
1299 2309 1463 2359 donec
1477 2321 1820 2359 eventucotn-

168 2403 369 2458 pertun]
389 2389 459 2439 est
482 2388 875 2438 nihilcomitate
906 2389 953 2436 &
970 2387 1215 2454 patientia
1233 2383 1433 2450 profici,
1449 2383 1539 2432 nisi
1555 2395 1608 2431 ut
1637 2383 1820 2447 impla-

174 2464 382 2514 cabilius
407 2461 721 2523 irasceretur,
752 2461 954 2511 lenibus
987 2460 1230 2510 fomentis
1254 2455 1498 2506 morbum
1529 2454 1816 2521 exasperari,

169 2537 442 2590 hebescere
483 2536 746 2587 Ordinum
774 2534 1132 2591 authoritatem
1168 2570 1178 2581 .
1216 2530 1457 2581 fiduciam
1493 2529 1718 2580 hostibus
1744 2530 1824 2576 in-

173 2611 391 2665 crescere
414 2614 725 2677 ‚amicorum
747 2612 946 2664 animos
962 2608 1505 2732 debilitari.(}53ctrca
1522 2602 1826 2727 fortioribps

1374 2694 1403 2727 2
1660 2691 1759 2726 eon
1783 2693 1821 2726 1-
