<?xml version="1.0" encoding="UTF-8"?>
<!DOCTYPE html PUBLIC "-//W3C//DTD XHTML 1.0 Transitional//EN"
    "http://www.w3.org/TR/xhtml1/DTD/xhtml1-transitional.dtd">
<html xmlns="http://www.w3.org/1999/xhtml" xml:lang="en" lang="en">
 <head>
  <title>
</title>
<meta http-equiv="Content-Type" content="text/html;charset=utf-8" />
  <meta name='ocr-system' content='tesseract 3.04.00' />
  <meta name='ocr-capabilities' content='ocr_page ocr_carea ocr_par ocr_line ocrx_word'/>
</head>
<body>
  <div class='ocr_page' id='page_1' title='image "./libritresdeindvc00baud/libritresdeindvc00baud_0137.png"; bbox 0 0 2284 3132; ppageno 0'>
   <div class='ocr_carea' id='block_1_1' title="bbox 561 143 1802 214">
    <p class='ocr_par' dir='ltr' id='par_1_1' title="bbox 561 143 1802 214">
     <span class='ocr_line' id='line_1_1' title="bbox 561 143 1802 214; baseline 0.002 -18"><span class='ocrx_word' id='word_1_1' title='bbox 561 144 888 196; x_wconf 68' lang='lat' dir='ltr'>smeret</span> <span class='ocrx_word' id='word_1_2' title='bbox 940 143 1170 195; x_wconf 77' lang='lat' dir='ltr'>LIBER</span> <span class='ocrx_word' id='word_1_3' title='bbox 1238 144 1317 195; x_wconf 84' lang='lat'>11.</span> <span class='ocrx_word' id='word_1_4' title='bbox 1694 145 1802 214; x_wconf 77' lang='lat'>&#39;107</span> 
     </span>
    </p>
   </div>
   <div class='ocr_carea' id='block_1_2' title="bbox 129 232 1841 2600">
    <p class='ocr_par' dir='ltr' id='par_1_2' title="bbox 129 232 1841 526">
     <span class='ocr_line' id='line_1_2' title="bbox 129 232 1793 304; baseline 0.002 -18"><span class='ocrx_word' id='word_1_5' title='bbox 129 232 256 288; x_wconf 82' lang='lat' dir='ltr'>dum</span> <span class='ocrx_word' id='word_1_6' title='bbox 284 232 509 304; x_wconf 80' lang='lat' dir='ltr'>Regibus</span> <span class='ocrx_word' id='word_1_7' title='bbox 538 251 649 286; x_wconf 90' lang='lat' dir='ltr'>non</span> <span class='ocrx_word' id='word_1_8' title='bbox 667 235 830 285; x_wconf 86' lang='lat' dir='ltr'>solum</span> <span class='ocrx_word' id='word_1_9' title='bbox 859 234 1096 285; x_wconf 85' lang='lat' dir='ltr'>humanis</span> <span class='ocrx_word' id='word_1_10' title='bbox 1124 235 1340 302; x_wconf 88' lang='lat' dir='ltr'>mitique</span> <span class='ocrx_word' id='word_1_11' title='bbox 1380 232 1592 301; x_wconf 79' lang='lat' dir='ltr'>ingenio</span> <span class='ocrx_word' id='word_1_12' title='bbox 1623 235 1793 303; x_wconf 81' lang='lat' dir='ltr'>praedi-</span> 
     </span>
     <span class='ocr_line' id='line_1_3' title="bbox 135 308 1794 379; baseline -0.005 -16"><span class='ocrx_word' id='word_1_13' title='bbox 135 314 223 376; x_wconf 82' lang='lat' dir='ltr'>tis,</span> <span class='ocrx_word' id='word_1_14' title='bbox 260 327 442 365; x_wconf 86' lang='lat' dir='ltr'>verum</span> <span class='ocrx_word' id='word_1_15' title='bbox 468 313 623 362; x_wconf 86' lang='lat' dir='ltr'>etiam</span> <span class='ocrx_word' id='word_1_16' title='bbox 653 309 947 359; x_wconf 80' lang='lat' dir='ltr'>diffieilibus</span> <span class='ocrx_word' id='word_1_17' title='bbox 972 310 1278 360; x_wconf 71' lang='lat' dir='ltr'>nemorosis,</span> <span class='ocrx_word' id='word_1_18' title='bbox 1328 308 1457 359; x_wconf 77' lang='lat' dir='ltr'>Boni</span> <span class='ocrx_word' id='word_1_19' title='bbox 1487 311 1616 360; x_wconf 77' lang='lat' dir='ltr'>votis</span> <span class='ocrx_word' id='word_1_20' title='bbox 1646 327 1794 379; x_wconf 78' lang='lat' dir='ltr'>expe-</span> 
     </span>
     <span class='ocr_line' id='line_1_4' title="bbox 133 382 1841 455; baseline -0.005 -17"><span class='ocrx_word' id='word_1_21' title='bbox 133 384 277 438; x_wconf 86' lang='lat' dir='ltr'>tendi</span> <span class='ocrx_word' id='word_1_22' title='bbox 309 384 448 448; x_wconf 86' lang='lat' dir='ltr'>sunt,</span> <span class='ocrx_word' id='word_1_23' title='bbox 487 384 741 436; x_wconf 80' lang='lat' dir='ltr'>tolerandi</span> <span class='ocrx_word' id='word_1_24' title='bbox 767 386 1056 452; x_wconf 83' lang='lat' dir='ltr'>quicunque</span> <span class='ocrx_word' id='word_1_25' title='bbox 1084 382 1407 449; x_wconf 80' lang='lat' dir='ltr'>obtigerunt.</span> <span class='ocrx_word' id='word_1_26' title='bbox 1462 382 1635 434; x_wconf 80' lang='lat' dir='ltr'>Fidem</span> <span class='ocrx_word' id='word_1_27' title='bbox 1681 403 1795 452; x_wconf 77' lang='lat' dir='ltr'>per.</span> <span class='ocrx_word' id='word_1_28' title='bbox 1828 441 1841 455; x_wconf 33' lang='lat' dir='ltr'>Q</span> 
     </span>
     <span class='ocr_line' id='line_1_5' title="bbox 133 456 1791 526; baseline -0.002 -13"><span class='ocrx_word' id='word_1_29' title='bbox 133 460 248 513; x_wconf 84' lang='lat' dir='ltr'>fidis</span> <span class='ocrx_word' id='word_1_30' title='bbox 272 457 451 511; x_wconf 84' lang='lat' dir='ltr'>servari</span> <span class='ocrx_word' id='word_1_31' title='bbox 480 476 592 509; x_wconf 88' lang='lat' dir='ltr'>non</span> <span class='ocrx_word' id='word_1_32' title='bbox 608 458 1109 526; x_wconf 81' lang='lat' dir='ltr'>oportere,rebelles</span> <span class='ocrx_word' id='word_1_33' title='bbox 1125 472 1189 506; x_wconf 89' lang='lat' dir='ltr'>eo</span> <span class='ocrx_word' id='word_1_34' title='bbox 1218 459 1325 524; x_wconf 84' lang='lat' dir='ltr'>ipso</span> <span class='ocrx_word' id='word_1_35' title='bbox 1341 456 1483 523; x_wconf 83' lang='lat' dir='ltr'>quod</span> <span class='ocrx_word' id='word_1_36' title='bbox 1513 471 1662 524; x_wconf 85' lang='lat' dir='ltr'>rupto</span> <span class='ocrx_word' id='word_1_37' title='bbox 1691 459 1791 510; x_wconf 83' lang='lat' dir='ltr'>foe-</span> 
     </span>
    </p>

    <p class='ocr_par' dir='ltr' id='par_1_3' title="bbox 130 528 1829 2600">
     <span class='ocr_line' id='line_1_6' title="bbox 133 528 1827 599; baseline 0.001 -16"><span class='ocrx_word' id='word_1_38' title='bbox 133 534 245 584; x_wconf 83' lang='lat' dir='ltr'>dere</span> <span class='ocrx_word' id='word_1_39' title='bbox 267 532 560 585; x_wconf 78' lang='lat' dir='ltr'>sacramenti</span> <span class='ocrx_word' id='word_1_40' title='bbox 589 535 642 583; x_wconf 86' lang='lat' dir='ltr'>in</span> <span class='ocrx_word' id='word_1_41' title='bbox 673 534 960 599; x_wconf 76' lang='lat' dir='ltr'><strong>Principem</strong></span> <span class='ocrx_word' id='word_1_42' title='bbox 987 531 1247 596; x_wconf 75' lang='lat' dir='ltr'>insurgant</span> <span class='ocrx_word' id='word_1_43' title='bbox 1267 573 1280 594; x_wconf 91' lang='lat'>‚</span> <span class='ocrx_word' id='word_1_44' title='bbox 1301 534 1526 598; x_wconf 80' lang='lat' dir='ltr'>perjurio</span> <span class='ocrx_word' id='word_1_45' title='bbox 1553 547 1701 599; x_wconf 84' lang='lat' dir='ltr'>caput</span> <span class='ocrx_word' id='word_1_46' title='bbox 1721 536 1793 584; x_wconf 78' lang='lat' dir='ltr'>al-</span> <span class='ocrx_word' id='word_1_47' title='bbox 1826 528 1827 531; x_wconf 29' lang='lat'>¹</span> 
     </span>
     <span class='ocr_line' id='line_1_7' title="bbox 134 603 1792 675; baseline 0.001 -18"><span class='ocrx_word' id='word_1_48' title='bbox 134 608 293 675; x_wconf 83' lang='lat' dir='ltr'>ligare</span> <span class='ocrx_word' id='word_1_49' title='bbox 311 648 324 665; x_wconf 84' lang='lat'>‚</span> <span class='ocrx_word' id='word_1_50' title='bbox 361 607 667 675; x_wconf 81' lang='lat' dir='ltr'>nec-dignos</span> <span class='ocrx_word' id='word_1_51' title='bbox 693 608 846 662; x_wconf 85' lang='lat' dir='ltr'>videri</span> <span class='ocrx_word' id='word_1_52' title='bbox 864 603 1166 673; x_wconf 81' lang='lat' dir='ltr'>quibuscum</span> <span class='ocrx_word' id='word_1_53' title='bbox 1187 606 1307 655; x_wconf 82' lang='lat' dir='ltr'>belli</span> <span class='ocrx_word' id='word_1_54' title='bbox 1331 608 1439 656; x_wconf 86' lang='lat' dir='ltr'>iure</span> <span class='ocrx_word' id='word_1_55' title='bbox 1457 607 1792 671; x_wconf 74' lang='lat' dir='ltr'>agatur-‚Prin-</span> 
     </span>
     <span class='ocr_line' id='line_1_8' title="bbox 136 678 1793 750; baseline 0.001 -18"><span class='ocrx_word' id='word_1_56' title='bbox 136 685 268 750; x_wconf 85' lang='lat' dir='ltr'>cipes</span> <span class='ocrx_word' id='word_1_57' title='bbox 310 679 413 732; x_wconf 88' lang='lat' dir='ltr'>esse</span> <span class='ocrx_word' id='word_1_58' title='bbox 450 695 650 733; x_wconf 85' lang='lat' dir='ltr'>tantum</span> <span class='ocrx_word' id='word_1_59' title='bbox 689 696 876 734; x_wconf 89' lang='lat' dir='ltr'>tutores</span> <span class='ocrx_word' id='word_1_60' title='bbox 913 679 1081 730; x_wconf 88' lang='lat' dir='ltr'>salutis</span> <span class='ocrx_word' id='word_1_61' title='bbox 1123 680 1309 729; x_wconf 85' lang='lat' dir='ltr'>civium</span> <span class='ocrx_word' id='word_1_62' title='bbox 1342 720 1355 744; x_wconf 88' lang='lat'>,</span> <span class='ocrx_word' id='word_1_63' title='bbox 1403 678 1793 734; x_wconf 62' lang='lat' dir='ltr'>usufructuarios</span> 
     </span>
     <span class='ocr_line' id='line_1_9' title="bbox 135 751 1794 822; baseline 0.001 -15"><span class='ocrx_word' id='word_1_64' title='bbox 135 759 282 822; x_wconf 83' lang='lat' dir='ltr'>regni</span> <span class='ocrx_word' id='word_1_65' title='bbox 307 755 390 807; x_wconf 81' lang='lat' dir='ltr'>vel</span> <span class='ocrx_word' id='word_1_66' title='bbox 417 756 625 822; x_wconf 86' lang='lat' dir='ltr'>reipubl.</span> <span class='ocrx_word' id='word_1_67' title='bbox 656 759 873 819; x_wconf 74' lang='lat' dir='ltr'>necjura</span> <span class='ocrx_word' id='word_1_68' title='bbox 890 770 999 820; x_wconf 86' lang='lat' dir='ltr'>quae</span> <span class='ocrx_word' id='word_1_69' title='bbox 1028 751 1284 816; x_wconf 67' lang='lat' dir='ltr'>Maiestati</span> <span class='ocrx_word' id='word_1_70' title='bbox 1317 753 1575 804; x_wconf 78' lang='lat' dir='ltr'>cohaerent</span> <span class='ocrx_word' id='word_1_71' title='bbox 1611 754 1794 808; x_wconf 83' lang='lat' dir='ltr'>versari</span> 
     </span>
     <span class='ocr_line' id='line_1_10' title="bbox 134 826 1793 896; baseline 0.002 -16"><span class='ocrx_word' id='word_1_72' title='bbox 134 831 191 880; x_wconf 86' lang='lat' dir='ltr'>in</span> <span class='ocrx_word' id='word_1_73' title='bbox 221 834 539 881; x_wconf 89' lang='lat' dir='ltr'>commercio</span> <span class='ocrx_word' id='word_1_74' title='bbox 559 873 573 895; x_wconf 94' lang='lat'><em>,</em></span> <span class='ocrx_word' id='word_1_75' title='bbox 611 844 695 881; x_wconf 84' lang='lat' dir='ltr'>aut</span> <span class='ocrx_word' id='word_1_76' title='bbox 724 831 933 881; x_wconf 85' lang='lat' dir='ltr'>alienari</span> <span class='ocrx_word' id='word_1_77' title='bbox 971 828 1111 896; x_wconf 90' lang='lat' dir='ltr'>posse</span> <span class='ocrx_word' id='word_1_78' title='bbox 1141 829 1269 896; x_wconf 89' lang='lat' dir='ltr'>quin</span> <span class='ocrx_word' id='word_1_79' title='bbox 1302 826 1366 879; x_wconf 84' lang='lat' dir='ltr'>ad</span> <span class='ocrx_word' id='word_1_80' title='bbox 1393 828 1658 896; x_wconf 83' lang='lat' dir='ltr'>pristinam</span> <span class='ocrx_word' id='word_1_81' title='bbox 1699 847 1793 884; x_wconf 80' lang='lat' dir='ltr'>na-</span> 
     </span>
     <span class='ocr_line' id='line_1_11' title="bbox 135 901 1794 971; baseline 0.002 -17"><span class='ocrx_word' id='word_1_82' title='bbox 135 917 305 955; x_wconf 83' lang='lat' dir='ltr'>turam</span> <span class='ocrx_word' id='word_1_83' title='bbox 334 907 521 957; x_wconf 84' lang='lat' dir='ltr'>reverti</span> <span class='ocrx_word' id='word_1_84' title='bbox 552 904 772 956; x_wconf 85' lang='lat' dir='ltr'>debeant</span> <span class='ocrx_word' id='word_1_85' title='bbox 801 945 818 971; x_wconf 76' lang='lat'>‚</span> <span class='ocrx_word' id='word_1_86' title='bbox 859 919 953 953; x_wconf 88' lang='lat' dir='ltr'>nec</span> <span class='ocrx_word' id='word_1_87' title='bbox 978 901 1274 954; x_wconf 83' lang='lat' dir='ltr'>successores</span> <span class='ocrx_word' id='word_1_88' title='bbox 1303 918 1363 952; x_wconf 83' lang='lat' dir='ltr'>ex</span> <span class='ocrx_word' id='word_1_89' title='bbox 1401 902 1488 953; x_wconf 87' lang='lat' dir='ltr'>tali</span> <span class='ocrx_word' id='word_1_90' title='bbox 1527 907 1794 958; x_wconf 67' lang='lat' dir='ltr'>contrastu.</span> 
     </span>
     <span class='ocr_line' id='line_1_12' title="bbox 133 974 1796 1047; baseline 0.002 -20"><span class='ocrx_word' id='word_1_91' title='bbox 133 979 394 1045; x_wconf 80' lang='lat' dir='ltr'>obligari,</span> <span class='ocrx_word' id='word_1_92' title='bbox 429 995 589 1045; x_wconf 86' lang='lat' dir='ltr'>quum</span> <span class='ocrx_word' id='word_1_93' title='bbox 626 995 724 1029; x_wconf 89' lang='lat' dir='ltr'>nec</span> <span class='ocrx_word' id='word_1_94' title='bbox 754 980 972 1044; x_wconf 81' lang='lat' dir='ltr'>Legatus</span> <span class='ocrx_word' id='word_1_95' title='bbox 999 975 1197 1027; x_wconf 68' lang='lat' dir='ltr'>Caesaris</span> <span class='ocrx_word' id='word_1_96' title='bbox 1224 974 1274 1026; x_wconf 93' lang='lat' dir='ltr'>se</span> <span class='ocrx_word' id='word_1_97' title='bbox 1313 975 1600 1027; x_wconf 86' lang='lat' dir='ltr'>abdicando</span> <span class='ocrx_word' id='word_1_98' title='bbox 1628 979 1796 1047; x_wconf 78' lang='lat' dir='ltr'>impe-</span> 
     </span>
     <span class='ocr_line' id='line_1_13' title="bbox 130 1050 1791 1120; baseline 0.001 -17"><span class='ocrx_word' id='word_1_99' title='bbox 130 1055 263 1104; x_wconf 78' lang='lat' dir='ltr'>tium</span> <span class='ocrx_word' id='word_1_100' title='bbox 291 1055 510 1104; x_wconf 88' lang='lat' dir='ltr'>amittat.</span> <span class='ocrx_word' id='word_1_101' title='bbox 532 1100 536 1105; x_wconf 89' lang='grc'><em>,</em></span> <span class='ocrx_word' id='word_1_102' title='bbox 558 1052 763 1120; x_wconf 80' lang='lat' dir='ltr'>Semper</span> <span class='ocrx_word' id='word_1_103' title='bbox 788 1051 895 1103; x_wconf 92' lang='lat' dir='ltr'>fore</span> <span class='ocrx_word' id='word_1_104' title='bbox 923 1052 1095 1102; x_wconf 87' lang='lat' dir='ltr'>locum</span> <span class='ocrx_word' id='word_1_105' title='bbox 1124 1050 1489 1101; x_wconf 83' lang='lat' dir='ltr'>restitutioniin</span> <span class='ocrx_word' id='word_1_106' title='bbox 1511 1054 1791 1118; x_wconf 81' lang='lat' dir='ltr'>integrum,</span> 
     </span>
     <span class='ocr_line' id='line_1_14' title="bbox 135 1124 1797 1194; baseline -0.001 -17"><span class='ocrx_word' id='word_1_107' title='bbox 135 1141 230 1177; x_wconf 90' lang='lat' dir='ltr'>nec</span> <span class='ocrx_word' id='word_1_108' title='bbox 247 1126 431 1177; x_wconf 89' lang='lat' dir='ltr'>diutius</span> <span class='ocrx_word' id='word_1_109' title='bbox 444 1144 600 1194; x_wconf 79' lang='lat' dir='ltr'>quam</span> <span class='ocrx_word' id='word_1_110' title='bbox 621 1126 850 1194; x_wconf 85' lang='lat' dir='ltr'>expediat</span> <span class='ocrx_word' id='word_1_111' title='bbox 866 1125 1113 1178; x_wconf 85' lang='lat' dir='ltr'>servatum</span> <span class='ocrx_word' id='word_1_112' title='bbox 1131 1126 1188 1175; x_wconf 88' lang='lat' dir='ltr'>iri</span> <span class='ocrx_word' id='word_1_113' title='bbox 1206 1138 1308 1175; x_wconf 86' lang='lat' dir='ltr'>tam</span> <span class='ocrx_word' id='word_1_114' title='bbox 1323 1124 1590 1176; x_wconf 82' lang='lat' dir='ltr'>indecoras</span> <span class='ocrx_word' id='word_1_115' title='bbox 1607 1128 1797 1192; x_wconf 66' lang='lat' dir='ltr'>pastio-</span> 
     </span>
     <span class='ocr_line' id='line_1_15' title="bbox 135 1198 1795 1270; baseline -0.001 -18"><span class='ocrx_word' id='word_1_116' title='bbox 135 1217 229 1252; x_wconf 86' lang='lat' dir='ltr'>nes</span> <span class='ocrx_word' id='word_1_117' title='bbox 252 1242 266 1264; x_wconf 87' lang='lat'>,</span> <span class='ocrx_word' id='word_1_118' title='bbox 291 1201 474 1270; x_wconf 87' lang='lat' dir='ltr'>quibus</span> <span class='ocrx_word' id='word_1_119' title='bbox 499 1204 783 1254; x_wconf 83' lang='lat' dir='ltr'>reverentia</span> <span class='ocrx_word' id='word_1_120' title='bbox 807 1200 985 1252; x_wconf 85' lang='lat' dir='ltr'>divino</span> <span class='ocrx_word' id='word_1_121' title='bbox 1009 1199 1344 1265; x_wconf 81' lang='lat' dir='ltr'>humanoque</span> <span class='ocrx_word' id='word_1_122' title='bbox 1370 1199 1483 1262; x_wconf 87' lang='lat' dir='ltr'>jure</span> <span class='ocrx_word' id='word_1_123' title='bbox 1513 1198 1682 1250; x_wconf 84' lang='lat' dir='ltr'>debita</span> <span class='ocrx_word' id='word_1_124' title='bbox 1697 1199 1795 1251; x_wconf 93' lang='lat' dir='ltr'>sce-</span> 
     </span>
     <span class='ocr_line' id='line_1_16' title="bbox 135 1271 1795 1342; baseline 0 -18"><span class='ocrx_word' id='word_1_125' title='bbox 135 1276 261 1342; x_wconf 85' lang='lat' dir='ltr'>ptris</span> <span class='ocrx_word' id='word_1_126' title='bbox 293 1279 340 1325; x_wconf 85' lang='lat'>&amp;</span> <span class='ocrx_word' id='word_1_127' title='bbox 366 1278 573 1326; x_wconf 90' lang='lat' dir='ltr'>coronis</span> <span class='ocrx_word' id='word_1_128' title='bbox 594 1276 826 1340; x_wconf 78' lang='lat' dir='ltr'>violatur,</span> <span class='ocrx_word' id='word_1_129' title='bbox 903 1271 1063 1342; x_wconf 84' lang='lat' dir='ltr'>Q9d</span> <span class='ocrx_word' id='word_1_130' title='bbox 1089 1275 1125 1327; x_wconf 83' lang='lat' dir='ltr'>si</span> <span class='ocrx_word' id='word_1_131' title='bbox 1152 1274 1267 1323; x_wconf 84' lang='lat' dir='ltr'>Rex</span> <span class='ocrx_word' id='word_1_132' title='bbox 1286 1288 1349 1322; x_wconf 91' lang='lat' dir='ltr'>eo</span> <span class='ocrx_word' id='word_1_133' title='bbox 1377 1272 1527 1323; x_wconf 87' lang='lat' dir='ltr'>fasces</span> <span class='ocrx_word' id='word_1_134' title='bbox 1552 1272 1664 1324; x_wconf 87' lang='lat' dir='ltr'>suos</span> <span class='ocrx_word' id='word_1_135' title='bbox 1691 1276 1795 1324; x_wconf 90' lang='lat' dir='ltr'>uti-</span> 
     </span>
     <span class='ocr_line' id='line_1_17' title="bbox 135 1345 1795 1413; baseline -0.001 -14"><span class='ocrx_word' id='word_1_136' title='bbox 135 1349 277 1400; x_wconf 85' lang='lat' dir='ltr'>litate</span> <span class='ocrx_word' id='word_1_137' title='bbox 314 1348 555 1401; x_wconf 83' lang='lat' dir='ltr'>suadente</span> <span class='ocrx_word' id='word_1_138' title='bbox 586 1348 872 1401; x_wconf 79' lang='lat' dir='ltr'>demitteret</span> <span class='ocrx_word' id='word_1_139' title='bbox 899 1390 913 1413; x_wconf 86' lang='grc'>,</span> <span class='ocrx_word' id='word_1_140' title='bbox 945 1363 1000 1399; x_wconf 89' lang='lat' dir='ltr'>ut</span> <span class='ocrx_word' id='word_1_141' title='bbox 1025 1346 1089 1398; x_wconf 83' lang='lat' dir='ltr'>ad</span> <span class='ocrx_word' id='word_1_142' title='bbox 1115 1360 1314 1412; x_wconf 87' lang='lat' dir='ltr'>tempus</span> <span class='ocrx_word' id='word_1_143' title='bbox 1345 1349 1398 1397; x_wconf 90' lang='lat' dir='ltr'>in</span> <span class='ocrx_word' id='word_1_144' title='bbox 1426 1345 1656 1413; x_wconf 87' lang='lat' dir='ltr'>suspenso</span> <span class='ocrx_word' id='word_1_145' title='bbox 1694 1345 1795 1397; x_wconf 80' lang='lat' dir='ltr'>hae-</span> 
     </span>
     <span class='ocr_line' id='line_1_18' title="bbox 136 1420 1796 1489; baseline -0.002 -16"><span class='ocrx_word' id='word_1_146' title='bbox 136 1438 248 1474; x_wconf 86' lang='lat' dir='ltr'>rere</span> <span class='ocrx_word' id='word_1_147' title='bbox 275 1424 384 1486; x_wconf 87' lang='lat' dir='ltr'>jura</span> <span class='ocrx_word' id='word_1_148' title='bbox 409 1423 782 1487; x_wconf 78' lang='lat' dir='ltr'>MaJestatiS,ae</span> <span class='ocrx_word' id='word_1_149' title='bbox 806 1422 1037 1489; x_wconf 69' lang='lat' dir='ltr'>supremae</span> <span class='ocrx_word' id='word_1_150' title='bbox 1065 1421 1331 1489; x_wconf 80' lang='lat' dir='ltr'>&#39;potestatis</span> <span class='ocrx_word' id='word_1_151' title='bbox 1369 1424 1620 1488; x_wconf 81' lang='lat' dir='ltr'>pateretur</span> <span class='ocrx_word' id='word_1_152' title='bbox 1652 1463 1666 1484; x_wconf 88' lang='lat'>‚</span> <span class='ocrx_word' id='word_1_153' title='bbox 1705 1420 1796 1472; x_wconf 84' lang='lat' dir='ltr'>sal-</span> 
     </span>
     <span class='ocr_line' id='line_1_19' title="bbox 136 1494 1793 1562; baseline -0.001 -15"><span class='ocrx_word' id='word_1_154' title='bbox 136 1509 246 1548; x_wconf 78' lang='lat' dir='ltr'>tem</span> <span class='ocrx_word' id='word_1_155' title='bbox 280 1514 391 1548; x_wconf 85' lang='lat' dir='ltr'>non</span> <span class='ocrx_word' id='word_1_156' title='bbox 422 1499 518 1548; x_wconf 87' lang='lat' dir='ltr'>alia</span> <span class='ocrx_word' id='word_1_157' title='bbox 547 1495 986 1548; x_wconf 87' lang='lat' dir='ltr'>conditioneidin</span> <span class='ocrx_word' id='word_1_158' title='bbox 1004 1499 1232 1547; x_wconf 87' lang='lat' dir='ltr'>animum</span> <span class='ocrx_word' id='word_1_159' title='bbox 1265 1494 1710 1562; x_wconf 76' lang='lat' dir='ltr'>induceret‚quam</span> <span class='ocrx_word' id='word_1_160' title='bbox 1735 1508 1793 1546; x_wconf 90' lang='lat' dir='ltr'>ut</span> 
     </span>
     <span class='ocr_line' id='line_1_20' title="bbox 139 1569 1793 1638; baseline 0.001 -19"><span class='ocrx_word' id='word_1_161' title='bbox 139 1570 366 1622; x_wconf 86' lang='lat' dir='ltr'>Ordines</span> <span class='ocrx_word' id='word_1_162' title='bbox 407 1574 633 1622; x_wconf 88' lang='lat' dir='ltr'>omnino</span> <span class='ocrx_word' id='word_1_163' title='bbox 667 1570 732 1622; x_wconf 87' lang='lat' dir='ltr'>ab</span> <span class='ocrx_word' id='word_1_164' title='bbox 769 1570 954 1621; x_wconf 82' lang='lat' dir='ltr'>Indicis</span> <span class='ocrx_word' id='word_1_165' title='bbox 998 1569 1413 1638; x_wconf 78' lang='lat' dir='ltr'>navigationibus</span> <span class='ocrx_word' id='word_1_166' title='bbox 1442 1570 1496 1619; x_wconf 87' lang='lat' dir='ltr'>in</span> <span class='ocrx_word' id='word_1_167' title='bbox 1533 1569 1793 1634; x_wconf 84' lang='lat' dir='ltr'>posterum</span> 
     </span>
     <span class='ocr_line' id='line_1_21' title="bbox 138 1636 1790 1713; baseline -0.002 -18"><span class='ocrx_word' id='word_1_168' title='bbox 138 1636 449 1695; x_wconf 77' lang='lat' dir='ltr'>abstinerent</span> <span class='ocrx_word' id='word_1_169' title='bbox 481 1688 495 1710; x_wconf 87' lang='lat'>‚</span> <span class='ocrx_word' id='word_1_170' title='bbox 536 1647 585 1696; x_wconf 67' lang='grc' dir='ltr'>ὃς</span> <span class='ocrx_word' id='word_1_171' title='bbox 633 1658 688 1695; x_wconf 91' lang='lat' dir='ltr'>ut</span> <span class='ocrx_word' id='word_1_172' title='bbox 723 1662 812 1713; x_wconf 87' lang='lat' dir='ltr'>per</span> <span class='ocrx_word' id='word_1_173' title='bbox 847 1647 1008 1696; x_wconf 84' lang='lat' dir='ltr'>unitas</span> <span class='ocrx_word' id='word_1_174' title='bbox 1040 1645 1334 1695; x_wconf 81' lang='lat' dir='ltr'>Prouincias</span> <span class='ocrx_word' id='word_1_175' title='bbox 1376 1643 1604 1694; x_wconf 83' lang='lat' dir='ltr'>liberum</span> <span class='ocrx_word' id='word_1_176' title='bbox 1640 1645 1790 1694; x_wconf 84' lang='lat' dir='ltr'>Reli-</span> 
     </span>
     <span class='ocr_line' id='line_1_22' title="bbox 137 1717 1791 1786; baseline -0.001 -18"><span class='ocrx_word' id='word_1_177' title='bbox 137 1721 305 1786; x_wconf 80' lang='lat' dir='ltr'>gionis</span> <span class='ocrx_word' id='word_1_178' title='bbox 334 1720 584 1770; x_wconf 83' lang='lat' dir='ltr'>Romanae</span> <span class='ocrx_word' id='word_1_179' title='bbox 618 1719 900 1770; x_wconf 70' lang='lat' dir='ltr'>Catholicae</span> <span class='ocrx_word' id='word_1_180' title='bbox 935 1717 1244 1786; x_wconf 84' lang='lat' dir='ltr'>Apostolicae</span> <span class='ocrx_word' id='word_1_181' title='bbox 1279 1720 1566 1769; x_wconf 81' lang='lat' dir='ltr'>exercitium</span> <span class='ocrx_word' id='word_1_182' title='bbox 1606 1717 1791 1768; x_wconf 87' lang='lat' dir='ltr'>Ponti-</span> 
     </span>
     <span class='ocr_line' id='line_1_23' title="bbox 137 1789 1791 1861; baseline -0.001 -17"><span class='ocrx_word' id='word_1_183' title='bbox 137 1793 266 1856; x_wconf 76' lang='lat' dir='ltr'>ficijs</span> <span class='ocrx_word' id='word_1_184' title='bbox 300 1796 699 1860; x_wconf 81' lang='lat' dir='ltr'>permitteretur.</span> <span class='ocrx_word' id='word_1_185' title='bbox 772 1794 941 1861; x_wconf 84' lang='lat' dir='ltr'>Ipsum</span> <span class='ocrx_word' id='word_1_186' title='bbox 973 1809 1074 1860; x_wconf 80' lang='lat' dir='ltr'>ego</span> <span class='ocrx_word' id='word_1_187' title='bbox 1102 1789 1677 1858; x_wconf 77' lang='lat' dir='ltr'>Peckiuminiignisane</span> <span class='ocrx_word' id='word_1_188' title='bbox 1694 1791 1791 1842; x_wconf 85' lang='lat' dir='ltr'>do·</span> 
     </span>
     <span class='ocr_line' id='line_1_24' title="bbox 135 1864 1794 1933; baseline -0.004 -15"><span class='ocrx_word' id='word_1_189' title='bbox 135 1868 292 1918; x_wconf 64' lang='lat' dir='ltr'>&amp;rina</span> <span class='ocrx_word' id='word_1_190' title='bbox 316 1869 364 1917; x_wconf 85' lang='lat'>&amp;</span> <span class='ocrx_word' id='word_1_191' title='bbox 391 1867 716 1919; x_wconf 81' lang='lat' dir='ltr'>humanitate</span> <span class='ocrx_word' id='word_1_192' title='bbox 733 1870 897 1921; x_wconf 89' lang='lat' dir='ltr'>virum</span> <span class='ocrx_word' id='word_1_193' title='bbox 919 1905 934 1924; x_wconf 91' lang='lat'>‚</span> <span class='ocrx_word' id='word_1_194' title='bbox 963 1868 1205 1917; x_wconf 85' lang='lat' dir='ltr'>Bruxellis</span> <span class='ocrx_word' id='word_1_195' title='bbox 1232 1882 1395 1933; x_wconf 83' lang='lat' dir='ltr'>quum</span> <span class='ocrx_word' id='word_1_196' title='bbox 1437 1864 1586 1917; x_wconf 86' lang='lat' dir='ltr'>essem</span> <span class='ocrx_word' id='word_1_197' title='bbox 1620 1908 1633 1929; x_wconf 91' lang='lat'>,</span> <span class='ocrx_word' id='word_1_198' title='bbox 1667 1881 1794 1933; x_wconf 81' lang='lat' dir='ltr'>prae-</span> 
     </span>
     <span class='ocr_line' id='line_1_25' title="bbox 139 1939 1791 2011; baseline 0.002 -22"><span class='ocrx_word' id='word_1_199' title='bbox 139 1940 400 1992; x_wconf 83' lang='lat' dir='ltr'>dicantem</span> <span class='ocrx_word' id='word_1_200' title='bbox 416 1943 698 2010; x_wconf 86' lang='lat' dir='ltr'>audivi,per</span> <span class='ocrx_word' id='word_1_201' title='bbox 711 1958 916 2008; x_wconf 80' lang='lat' dir='ltr'>gravem</span> <span class='ocrx_word' id='word_1_202' title='bbox 934 1942 1027 1994; x_wconf 84' lang='lat' dir='ltr'>sibi</span> <span class='ocrx_word' id='word_1_203' title='bbox 1044 1939 1412 1991; x_wconf 87' lang='lat' dir='ltr'>contumeliam</span> <span class='ocrx_word' id='word_1_204' title='bbox 1438 1941 1504 2011; x_wconf 73' lang='lat' dir='ltr'>ab</span> <span class='ocrx_word' id='word_1_205' title='bbox 1531 1939 1791 1992; x_wconf 84' lang='lat' dir='ltr'>Ordinum</span> 
     </span>
     <span class='ocr_line' id='line_1_26' title="bbox 135 2013 1829 2083; baseline 0.001 -19"><span class='ocrx_word' id='word_1_206' title='bbox 135 2015 338 2081; x_wconf 77' lang='lat' dir='ltr'>Legato</span> <span class='ocrx_word' id='word_1_207' title='bbox 379 2017 673 2082; x_wconf 81' lang='lat' dir='ltr'>impositam</span> <span class='ocrx_word' id='word_1_208' title='bbox 702 2015 839 2067; x_wconf 83' lang='lat' dir='ltr'>fuisse</span> <span class='ocrx_word' id='word_1_209' title='bbox 874 2014 1018 2083; x_wconf 85' lang='lat' dir='ltr'>quod</span> <span class='ocrx_word' id='word_1_210' title='bbox 1039 2016 1160 2067; x_wconf 86' lang='lat' dir='ltr'>talia</span> <span class='ocrx_word' id='word_1_211' title='bbox 1188 2014 1253 2065; x_wconf 88' lang='lat' dir='ltr'>de</span> <span class='ocrx_word' id='word_1_212' title='bbox 1279 2013 1328 2065; x_wconf 90' lang='lat' dir='ltr'>se</span> <span class='ocrx_word' id='word_1_213' title='bbox 1355 2014 1601 2080; x_wconf 71' lang='lat' dir='ltr'>sparsisset.</span> <span class='ocrx_word' id='word_1_214' title='bbox 1652 2014 1793 2065; x_wconf 88' lang='lat' dir='ltr'>Nam</span> <span class='ocrx_word' id='word_1_215' title='bbox 1826 2030 1829 2033; x_wconf 58' lang='lat'><strong>⁴</strong></span> 
     </span>
     <span class='ocr_line' id='line_1_27' title="bbox 133 2087 1789 2156; baseline -0.001 -16"><span class='ocrx_word' id='word_1_216' title='bbox 133 2104 302 2156; x_wconf 83' lang='lat' dir='ltr'>neque</span> <span class='ocrx_word' id='word_1_217' title='bbox 332 2106 442 2141; x_wconf 87' lang='lat' dir='ltr'>rem</span> <span class='ocrx_word' id='word_1_218' title='bbox 470 2092 538 2140; x_wconf 84' lang='lat' dir='ltr'>ita</span> <span class='ocrx_word' id='word_1_219' title='bbox 565 2088 615 2141; x_wconf 89' lang='lat' dir='ltr'>se</span> <span class='ocrx_word' id='word_1_220' title='bbox 641 2090 855 2155; x_wconf 87' lang='lat' dir='ltr'>habere,</span> <span class='ocrx_word' id='word_1_221' title='bbox 888 2092 936 2141; x_wconf 85' lang='lat'>&amp;</span> <span class='ocrx_word' id='word_1_222' title='bbox 961 2101 1016 2140; x_wconf 87' lang='lat' dir='ltr'>ut</span> <span class='ocrx_word' id='word_1_223' title='bbox 1034 2092 1213 2139; x_wconf 87' lang='lat' dir='ltr'>omnia</span> <span class='ocrx_word' id='word_1_224' title='bbox 1246 2105 1364 2141; x_wconf 84' lang='lat' dir='ltr'>vera</span> <span class='ocrx_word' id='word_1_225' title='bbox 1392 2087 1547 2138; x_wconf 84' lang='lat' dir='ltr'>effent</span> <span class='ocrx_word' id='word_1_226' title='bbox 1565 2129 1579 2151; x_wconf 90' lang='lat'>,</span> <span class='ocrx_word' id='word_1_227' title='bbox 1615 2102 1789 2139; x_wconf 87' lang='lat' dir='ltr'>tamen</span> 
     </span>
     <span class='ocr_line' id='line_1_28' title="bbox 135 2162 1789 2231; baseline -0.002 -17"><span class='ocrx_word' id='word_1_228' title='bbox 135 2179 296 2230; x_wconf 87' lang='lat' dir='ltr'>quum</span> <span class='ocrx_word' id='word_1_229' title='bbox 338 2163 473 2214; x_wconf 84' lang='lat' dir='ltr'>aliud</span> <span class='ocrx_word' id='word_1_230' title='bbox 523 2164 947 2231; x_wconf 77' lang='lat' dir='ltr'>palamageretur</span> <span class='ocrx_word' id='word_1_231' title='bbox 976 2206 990 2228; x_wconf 85' lang='lat'>‚</span> <span class='ocrx_word' id='word_1_232' title='bbox 1028 2179 1138 2213; x_wconf 87' lang='lat' dir='ltr'>non</span> <span class='ocrx_word' id='word_1_233' title='bbox 1177 2163 1227 2214; x_wconf 89' lang='lat' dir='ltr'>se</span> <span class='ocrx_word' id='word_1_234' title='bbox 1252 2176 1358 2213; x_wconf 82' lang='lat' dir='ltr'>tam</span> <span class='ocrx_word' id='word_1_235' title='bbox 1398 2162 1746 2229; x_wconf 88' lang='lat' dir='ltr'>improvidum</span> <span class='ocrx_word' id='word_1_236' title='bbox 1771 2205 1789 2226; x_wconf 76' lang='lat'>‚</span> 
     </span>
     <span class='ocr_line' id='line_1_29' title="bbox 135 2236 1789 2304; baseline -0.002 -14"><span class='ocrx_word' id='word_1_237' title='bbox 135 2239 218 2290; x_wconf 85' lang='lat' dir='ltr'>vel</span> <span class='ocrx_word' id='word_1_238' title='bbox 258 2241 425 2304; x_wconf 85' lang='lat' dir='ltr'>potius</span> <span class='ocrx_word' id='word_1_239' title='bbox 454 2251 559 2289; x_wconf 88' lang='lat' dir='ltr'>tam</span> <span class='ocrx_word' id='word_1_240' title='bbox 578 2238 843 2290; x_wconf 83' lang='lat' dir='ltr'>infidelem</span> <span class='ocrx_word' id='word_1_241' title='bbox 871 2239 964 2291; x_wconf 87' lang='lat' dir='ltr'>suis</span> <span class='ocrx_word' id='word_1_242' title='bbox 999 2236 1092 2289; x_wconf 81' lang='lat' dir='ltr'>effe</span> <span class='ocrx_word' id='word_1_243' title='bbox 1118 2281 1132 2302; x_wconf 83' lang='lat'>‚</span> <span class='ocrx_word' id='word_1_244' title='bbox 1166 2250 1222 2287; x_wconf 92' lang='lat' dir='ltr'>ut</span> <span class='ocrx_word' id='word_1_245' title='bbox 1249 2237 1340 2287; x_wconf 87' lang='lat' dir='ltr'>ista</span> <span class='ocrx_word' id='word_1_246' title='bbox 1366 2236 1643 2287; x_wconf 81' lang='lat' dir='ltr'>secretioris</span> <span class='ocrx_word' id='word_1_247' title='bbox 1670 2237 1789 2288; x_wconf 82' lang='lat' dir='ltr'>aulae</span> 
     </span>
     <span class='ocr_line' id='line_1_30' title="bbox 132 2309 1792 2379; baseline -0.001 -17"><span class='ocrx_word' id='word_1_248' title='bbox 132 2327 316 2362; x_wconf 84' lang='lat' dir='ltr'>arcana</span> <span class='ocrx_word' id='word_1_249' title='bbox 345 2328 452 2379; x_wconf 83' lang='lat' dir='ltr'>quae</span> <span class='ocrx_word' id='word_1_250' title='bbox 479 2310 618 2363; x_wconf 89' lang='lat' dir='ltr'>sacro</span> <span class='ocrx_word' id='word_1_251' title='bbox 644 2313 824 2375; x_wconf 72' lang='lat' dir='ltr'>silentii</span> <span class='ocrx_word' id='word_1_252' title='bbox 855 2313 1066 2364; x_wconf 86' lang='lat' dir='ltr'>horrore</span> <span class='ocrx_word' id='word_1_253' title='bbox 1094 2311 1414 2378; x_wconf 84' lang='lat' dir='ltr'>obsignanda</span> <span class='ocrx_word' id='word_1_254' title='bbox 1444 2323 1603 2376; x_wconf 82' lang='lat' dir='ltr'>erant,</span> <span class='ocrx_word' id='word_1_255' title='bbox 1630 2309 1678 2361; x_wconf 88' lang='lat' dir='ltr'>se</span> <span class='ocrx_word' id='word_1_256' title='bbox 1703 2327 1792 2360; x_wconf 85' lang='lat' dir='ltr'>au-</span> 
     </span>
     <span class='ocr_line' id='line_1_31' title="bbox 133 2384 1792 2439; baseline -0.001 -5"><span class='ocrx_word' id='word_1_257' title='bbox 133 2384 286 2435; x_wconf 85' lang='lat' dir='ltr'>thore</span> <span class='ocrx_word' id='word_1_258' title='bbox 339 2385 473 2436; x_wconf 87' lang='lat' dir='ltr'>foras</span> <span class='ocrx_word' id='word_1_259' title='bbox 514 2386 923 2439; x_wconf 87' lang='lat' dir='ltr'>eliminarentur.</span> <span class='ocrx_word' id='word_1_260' title='bbox 1011 2387 1218 2437; x_wconf 83' lang='lat' dir='ltr'>Interim</span> <span class='ocrx_word' id='word_1_261' title='bbox 1257 2384 1363 2435; x_wconf 88' lang='lat' dir='ltr'>haec</span> <span class='ocrx_word' id='word_1_262' title='bbox 1403 2387 1449 2434; x_wconf 71' lang='grc' dir='ltr'>ὅ(</span> <span class='ocrx_word' id='word_1_263' title='bbox 1482 2385 1582 2434; x_wconf 84' lang='lat' dir='ltr'>alia</span> <span class='ocrx_word' id='word_1_264' title='bbox 1626 2385 1792 2435; x_wconf 86' lang='lat' dir='ltr'>multa</span> 
     </span>
     <span class='ocr_line' id='line_1_32' title="bbox 136 2455 1785 2527; baseline -0.001 -18"><span class='ocrx_word' id='word_1_265' title='bbox 136 2477 244 2526; x_wconf 81' lang='lat' dir='ltr'>quae</span> <span class='ocrx_word' id='word_1_266' title='bbox 276 2473 387 2511; x_wconf 87' lang='lat' dir='ltr'>tum</span> <span class='ocrx_word' id='word_1_267' title='bbox 436 2464 675 2527; x_wconf 85' lang='lat' dir='ltr'>temporis</span> <span class='ocrx_word' id='word_1_268' title='bbox 723 2477 809 2527; x_wconf 87' lang='lat' dir='ltr'>per</span> <span class='ocrx_word' id='word_1_269' title='bbox 838 2455 942 2512; x_wconf 38' lang='lat' dir='ltr'>‘ora</span> <span class='ocrx_word' id='word_1_270' title='bbox 990 2460 1285 2511; x_wconf 66' lang='lat' dir='ltr'>cunstorum</span> <span class='ocrx_word' id='word_1_271' title='bbox 1332 2459 1619 2511; x_wconf 89' lang='lat' dir='ltr'>volitabant</span> <span class='ocrx_word' id='word_1_272' title='bbox 1640 2457 1785 2508; x_wconf 66' lang='lat' dir='ltr'>sindi-</span> 
     </span>
     <span class='ocr_line' id='line_1_33' title="bbox 138 2531 1792 2600; baseline -0.002 -17"><span class='ocrx_word' id='word_1_273' title='bbox 138 2534 218 2583; x_wconf 89' lang='lat' dir='ltr'>cio</span> <span class='ocrx_word' id='word_1_274' title='bbox 249 2531 391 2586; x_wconf 82' lang='lat' dir='ltr'>famae</span> <span class='ocrx_word' id='word_1_275' title='bbox 415 2534 767 2586; x_wconf 84' lang='lat' dir='ltr'>nihiltacitum</span> <span class='ocrx_word' id='word_1_276' title='bbox 796 2548 880 2585; x_wconf 90' lang='lat' dir='ltr'>aut</span> <span class='ocrx_word' id='word_1_277' title='bbox 915 2535 1177 2585; x_wconf 83' lang='lat' dir='ltr'>occultum</span> <span class='ocrx_word' id='word_1_278' title='bbox 1195 2533 1675 2600; x_wconf 71' lang='lat' dir='ltr'>finentiS‚1nagniini</span> <span class='ocrx_word' id='word_1_279' title='bbox 1694 2534 1792 2580; x_wconf 88' lang='lat' dir='ltr'>im-</span> 
     </span>
    </p>
   </div>
   <div class='ocr_carea' id='block_1_3' title="bbox 21 2604 1867 2678">
    <p class='ocr_par' dir='ltr' id='par_1_4' title="bbox 21 2604 1867 2678">
     <span class='ocr_line' id='line_1_34' title="bbox 21 2604 1867 2678; baseline -0.002 -17"><span class='ocrx_word' id='word_1_280' title='bbox 21 2611 25 2614; x_wconf 81' lang='grc'><strong>’</strong></span> <span class='ocrx_word' id='word_1_281' title='bbox 94 2628 97 2630; x_wconf 92' lang='grc'><em>·</em></span> <span class='ocrx_word' id='word_1_282' title='bbox 130 2604 493 2678; x_wconf 64' lang='lat' dir='ltr'>pedimentum</span> <span class='ocrx_word' id='word_1_283' title='bbox 519 2609 778 2677; x_wconf 63' lang='lat' dir='ltr'>objectare</span> <span class='ocrx_word' id='word_1_284' title='bbox 792 2607 1091 2665; x_wconf 84' lang='lat' dir='ltr'>videbantur</span> <span class='ocrx_word' id='word_1_285' title='bbox 1121 2650 1137 2676; x_wconf 87' lang='lat'><em>‚</em></span> <span class='ocrx_word' id='word_1_286' title='bbox 1167 2609 1447 2675; x_wconf 84' lang='lat' dir='ltr'>quominus</span> <span class='ocrx_word' id='word_1_287' title='bbox 1486 2608 1548 2659; x_wconf 85' lang='lat' dir='ltr'>de</span> <span class='ocrx_word' id='word_1_288' title='bbox 1579 2619 1686 2659; x_wconf 86' lang='lat' dir='ltr'>tota</span> <span class='ocrx_word' id='word_1_289' title='bbox 1706 2622 1795 2657; x_wconf 84' lang='lat' dir='ltr'>ne-</span> <span class='ocrx_word' id='word_1_290' title='bbox 1863 2644 1867 2647; x_wconf 57' lang='grc'><strong><em>«</em></strong></span> 
     </span>
    </p>
   </div>
   <div class='ocr_carea' id='block_1_4' title="bbox 1197 2680 1803 2755">
    <p class='ocr_par' dir='ltr' id='par_1_5' title="bbox 1197 2680 1803 2755">
     <span class='ocr_line' id='line_1_35' title="bbox 1197 2680 1803 2755; baseline 0.002 -24"><span class='ocrx_word' id='word_1_291' title='bbox 1197 2680 1252 2755; x_wconf 77' lang='lat' dir='ltr'>Q</span> <span class='ocrx_word' id='word_1_292' title='bbox 1329 2696 1361 2731; x_wconf 86' lang='lat'>2.</span> <span class='ocrx_word' id='word_1_293' title='bbox 1634 2682 1803 2752; x_wconf 39' lang='lat' dir='ltr'>goti&amp;</span> 
     </span>
    </p>
   </div>
  </div>
 </body>
</html>
