2284 3132
444 147 454 163 ·
514 130 847 181 BELGICI
909 130 1138 184 LIBER
1203 134 1330 185 111:
1695 137 1790 188 161'

120 235 218 288 prae
234 217 282 271 se
294 215 466 270 ferant
481 219 575 272 fibi
592 222 760 287 potius
775 216 866 269 esse
881 215 1144 270 decretum
1165 262 1179 285 ‚
1217 224 1387 272 ration
1397 236 1445 275 es
1463 220 1562 275 suas
1579 239 1690 276 non
1703 224 1784 275 so-

114 295 225 345 lum
241 311 269 345 a
284 296 557 344 communi
571 308 851 345 caeterarum
868 290 1253 346 Provinciarum
1279 295 1421 347 ca'usa
1466 339 1478 361 ,
1497 300 1683 366 quibus
1705 302 1787 358 in,-

115 368 270 418 duciae
289 368 506 435 placent,
523 367 981 435 segregare,vetum
999 371 1152 419 etiam
1169 369 1235 418 ab
1250 369 1556 423 authoritate
1572 375 1781 442 Regum

113 459 174 493 ac
190 441 571 508 Procerum,qui
593 459 674 492 eas
689 441 1188 504 suaserunt‚deficere
1206 447 1464 494 :venimus
1478 445 1578 496 huc
1591 455 1783 502 oraturi

112 518 162 566 δε
178 516 428 567 hortaturi
445 519 813 584 ips03‚qufitum
828 516 894 567 est
912 517 1058 567 situm
1075 519 1128 566 in
1147 518 1319 581 nobis,
1329 533 1381 569 ut
1398 519 1441 568 se
1457 521 1778 586 reliquorum

111 589 548 642 consentientibus
581 594 710 643 votis
738 605 901 658 arque‘
929 589 1170 657 suffragijs
1196 595 1480 658 morigeros
1505 596 1773 664 praebeant,

109 680 213 716 neu
233 664 279 713 di
289 663 388 715 ssen
398 666 538 716 {ione
554 681 610 715 ac
626 667 913 729 pertinacia,
931 682 1027 732 qua
1042 668 1274 716 maximae
1291 683 1364 716 res
1378 668 1682 736 plerumque
1699 673 1775 723 di-

108 739 367 800 labuntur,
388 740 526 790 bona
542 740 748 790 consilia
768 743 1026 806 corrumpi
1041 739 1222 791 fiuant.
1276 741 1408 789 Illud
1440 743 1597 792 etiam
1615 758 1772 812 atque

109 816 262 862 eiiam
283 815 506 878 cogitent
524 829 581 863 ac
593 813 759 863 secum
780 813 1114 869 meditentur,
1132 831 1239 880 quo
1264 814 1397 863 nihil
1428 832 1654 882 unquam
1688 838 1772 872 ve-

108 888 207 936 rius
223 890 269 935 <Se
287 889 463 937 certius
477 887 680 937 oracula
698 887 1014 950 protulerunt
1033 931 1046 951 ‚
1066 887 1355 939 concordiae
1385 890 1431 937 &
1447 893 1628 940 unioni
1646 893 1771 945 Pro-

106 962 393 1011 vinciarum
410 975 621 1027 accepto
639 959 730 1010 effe
747 960 1063 1012 referendam
1083 965 1354 1028 ingentem
1373 979 1540 1013 rerum
1564 968 1771 1033 prospe-

102 1049 274 1084 rarum
291 1034 624 1094 affluentiam,
644 1051 739 1100 qua
754 1033 896 1100 supra
913 1049 1155 1087 votorum
1171 1036 1414 1087 invidiam
1434 1037 1770 1101 florenr,dum

100 1122 291 1159 omnes
305 1124 462 1159 unum
480 1107 712 1176 idemque
728 1108 995 1171 senserunt,
1015 1113 1061 1160 ὅ(
1078 1109 1126 1160 se
1144 1111 1355 1177 publicae
1384 1113 1585 1162 utilitati
1615 1116 1771 1180 pluri-

103 1197 298 1252 umque
317 1181 564 1247 suffiagijs
583 1181 714 1233 haud
734 1198 936 1248 gravate
956 1183 1210 1250 tegendos
1230 1184 1580 1250 permiserunt.
1626 1190 1767 1241 Nam

99 1257 437 1323 utspecimen
457 1257 585 1307 boni
604 1258 795 1320 civis‚&
812 1263 1062 1322 generoiae
1092 1258 1337 1307 libertatis
1366 1259 1432 1308 est
1456 1259 1768 1317 sententiam

98 1328 238 1381 haud
267 1330 550 1381 obnoxiam
581 1333 744 1397 gratiae
774 1345 859 1380 aut
889 1334 1164 1381 ambitioni
1197 1333 1421 1396 proferre
1440 1334 1493 1381 in
1511 1337 1764 1401 medium,

100 1420 320 1471 eamque
335 1405 503 1454 solidis
518 1406 803 1455 rationibus
816 1420 967 1470 atque
983 1405 1231 1472 exemplis
1247 1406 1467 1470 firmare,
1486 1422 1538 1457 ut
1556 1425 1671 1460 cum
1692 1411 1767 1461 ef-

94 1476 275 1528 ficacia
302 1477 633 1546 persuadendi
670 1493 936 1545 penetrare
961 1478 1111 1547 possit
1139 1483 1190 1528 in
1223 1483 1425 1530 animos
1464 1480 1766 1549 sapientium

97 1551 423 1603 auditorum:
463 1555 533 1603 ita
561 1555 750 1602 mentis
765 1553 1028 1605 obstinatae
1057 1556 1240 1606 vitium
1262 1556 1448 1621 potum,
1470 1573 1620 1623 quam
1639 1575 1765 1610 con-

93 1624 265 1676 stantis
282 1628 443 1677 animi
461 1628 674 1693 genium
694 1629 904 1692 arguitfi
935 1631 1052 1695 quis
1079 1644 1184 1679 tam
1201 1626 1453 1694 praefraest
1500 1632 1545 1680 ὃ(
1579 1647 1762 1682 contu-

92 1701 307 1750 maciter
324 1701 639 1769 propositum
656 1719 685 1752 u
695 1715 903 1766 rgeat‚ut
919 1704 1137 1753 aliorum
1153 1703 1284 1752 reste
1303 1703 1541 1754 consultis
1554 1705 1765 1756 obtem-

92 1789 270 1841 perare
286 1791 396 1826 non
412 1774 664 1840 dignetur.
703 1776 923 1840 Optimo
941 1778 1047 1837 jure
1062 1775 1291 1826 laudatur
1308 1778 1433 1827 illud
1448 1776 1657 1828 effatum
1677 1780 1754 1831 M.

94 1846 375 1914 Antonini,
393 1851 474 1900 cui
493 1849 558 1898 ab
574 1864 754 1899 amore
772 1847 1017 1914 sapientiae
1033 1849 1331 1917 Philosophi
1349 1867 1763 1916 cognomentum

92 1920 320 1973 additum
338 1923 453 1987 fuit,
473 1926 560 1990 qui
574 1924 764 1989 aequius
782 1921 874 1973 effe
892 1923 1192 1990 praedicabat
1220 1923 1262 1973 se
1281 1940 1443 1975 unum
1475 1926 1762 1979 concedere

90 1998 147 2048 in
163 1998 379 2061 plurium
398 1995 698 2048 sententiam
715 2038 728 2060 ,
745 2013 896 2063 quam
926 2010 980 2046 ut
998 2011 1073 2047 tot
1087 1997 1367 2064 praestantes
1385 2001 1475 2050 viri
1494 1998 1763 2065 sequeren-

92 2084 174 2122 tur
190 2074 334 2121 unius
353 2070 621 2122 arbitrium
639 2086 696 2121 ac
709 2072 1047 2124 voluntatem.
1087 2072 1227 2121 Nam
1246 2085 1299 2121 ut
1316 2070 1553 2140 suprema:
1571 2073 1762 2124 foelici—

92 2147 212 2196 tatis
237 2146 432 2196 estnon
463 2148 592 2211 cogi,
614 2144 754 2213 quod
770 2147 1005 2212 proxime
1033 2144 1096 2196 ad
1112 2145 1391 2208 Maiestatis
1416 2145 1593 2198 divinae
1621 2162 1770 2198 natu-

87 2235 196 2270 ram
217 2221 265 2268 &
289 2218 667 2271 similitudinem
698 2218 919 2283 accedit,
957 2222 1028 2270 ita
1053 2223 1324 2286 tyrannicae
1353 2219 1757 2286 dominationis,

91 2293 206 2343 imo
225 2291 500 2357 miserrime
514 2292 757 2346 servitutis
769 2294 838 2344 est
854 2293 995 2344 nolle
1009 2293 1220 2345 suaderi.
1265 2293 1413 2345 Nihil
1431 2296 1569 2345 enim
1599 2294 1757 2344 infoe-

89 2365 228 2418 licius
245 2367 313 2419 est
333 2367 561 2434 Principe
577 2366 705 2435 apud
723 2384 871 2435 quem
898 2385 1015 2420 vera
1032 2372 1327 2419 reticentur.
1375 2367 1479 2420 ldfi
1497 2371 1550 2418 in
1570 2370 1762 2435 princi·

89 2455 211 2507 patu
227 2442 449 2492 censetur
470 2457 618 2493 more
635 2458 864 2508 pravum,
877 2443 1112 2509 exemplo
1130 2440 1475 2508 perniciosum
1511 2482 1527 2503 ,
1550 2442 1637 2491 ubi
1663 2441 1761 2493 dis-

91 2513 415 2566 sentientium
430 2519 708 2583 opiniones
725 2517 876 2566 unius
891 2515 1082 2579 judicio
1101 2514 1324 2583 expendi
1345 2518 1392 2565 ὅ(
1408 2519 1463 2566 in
1479 2515 1753 2566 eoncordi-

89 2604 176 2643 am
191 2587 373 2644 deduci
387 2588 810 2662 poffunt:quant0
824 2592 986 2659 magis
1000 2590 1241 2716 vitagdus
1253 2588 1319 2644 est
1336 2589 1420 2644 hic
1437 2591 1584 2642 bonae
1601 2605 1755 2714 nisen-

1565 2675 1625 2714 us
1663 2678 1750 2714 co-
