2284 3132
641 157 964 211 sssstotct
1028 158 1258 212 LIBER
1327 163 1408 213 11.
1793 172 1860 231 ρι’

173 242 498 313 egrediamur
512 242 777 313 inculpatae
796 245 1122 300 defensionis?
1138 249 1263 300 Non
1280 251 1423 302 enim
1442 249 1728 319 illegitima
1743 268 1860 303 cau-

178 319 227 371 sa
241 318 333 370 fuit
348 335 434 370 cur
449 319 514 370 ab
530 318 879 387 Hispaniarum
894 324 1050 390 Regis
1068 323 1392 375 sacramento
1405 324 1755 385 deficeremus,
1776 344 1855 381 ea·

179 391 299 446 dem
316 394 466 446 nobis
479 394 719 445 militabit
735 397 770 447 fi
788 413 874 446 eos
891 396 1017 448 fines
1036 397 1408 463 excesserimuS,

425 469 565 540 Qos
585 467 707 520 ultra
732 470 939 542 citraque
951 472 1111 542 nequit
1132 470 1361 543 confistere
1378 475 1571 523 redum.

171 537 334 596 Porto
351 559 511 610 quum
529 545 676 594 nullo
688 561 798 595 non
814 559 1043 614 tempore
1061 545 1270 613 suspefflt
1286 547 1440 599 nobis
1458 547 1550 599 effe
1569 548 1754 601 debeat
1770 553 1851 603 in-

166 615 461 670 constantia
477 635 644 670 rerum
664 618 1027 683 humanarum,
1048 621 1364 689 varietasque
1389 621 1662 674 desultoria
1685 624 1847 677 fortu-

169 709 272 745 nae:
295 705 405 742 tum
421 709 684 761 nunquam
702 696 863 761 magis
880 693 1161 746 cohibendi
1191 695 1305 746 sunt
1332 695 1606 748 insolentes
1631 696 1844 766 spir-itm,

170 782 329 835 quam
347 783 504 832 quum
529 771 707 820 omnia
723 768 785 818 ad
802 784 984 823 nutum
1002 771 1050 818 δε
1064 770 1384 821 voluntatem
1398 771 1555 823 fluere
1571 772 1830 826 videntur.

171 841 376 895 Etiamsi
395 844 580 895 viribus
596 860 733 911 pares
752 840 996 907 effemus(
1024 843 1165 913 quod
1192 845 1262 896 est
1278 845 1482 897 summae
1512 847 1843 914 impudentiae

164 919 321 969 nobis
336 925 586 987 arrogare)
605 921 759 969 etiam
779 921 812 971 si
831 918 1312 988 superiores‚tamen
1327 924 1380 971 in
1395 919 1493 988 ipsa
1508 923 1714 975 victoria
1730 940 1841 991 quae

164 995 472 1062 plerumque
502 995 878 1060 negligentiam
904 1008 1041 1046 creat
1055 1036 1069 1059 ‚
1095 997 1144 1044 δε
1172 1011 1199 1046 a
1228 993 1363 1045 τεᾶὲ
1394 995 1720 1048 consulendo
1747 998 1837 1048 ab·

163 1066 322 1128 ducit,
337 1064 558 1118 maxime
577 1071 689 1136 paci
705 1067 1011 1120 studendum
1028 1068 1116 1130 est,
1136 1085 1238 1137 nee
1252 1068 1639 1137 exspestandum
1668 1071 1842 1123 donec

164 1144 311 1192 atrati
327 1157 439 1192 eam
459 1156 627 1210 petere
644 1158 895 1209 cogamur
931 1183 946 1205 ‚
963 1156 1016 1194 ut
1043 1143 1213 1194 aiebat
1232 1142 1491 1195 Demades
1508 1145 1836 1214 popularibus

161 1215 256 1266 suis
269 1217 626 1282 intempestiva
643 1216 924 1268 dimicandi
938 1217 1212 1286 cupiditate
1227 1217 1576 1286 flagrantibus.
1654 1225 1837 1292 Qim

161 1291 376 1358 perlatus
401 1290 515 1342 effet
535 1291 914 1359 Carthaginem
940 1297 1158 1342 nuncius
1193 1293 1412 1344 vidtoriae
1441 1292 1745 1346 Hannibalis
1771 1293 1836 1345 ad

160 1366 401 1431 CannaS‚
425 1384 525 1434 qua
540 1362 671 1433 pene
697 1367 759 1417 ad
771 1368 905 1428 exitij
939 1379 1134 1417 metam
1162 1368 1302 1418 venit
1329 1368 1639 1419 Romanum
1669 1371 1834 1436 impe-

161 1443 296 1491 rium
311 1481 325 1502 ,
343 1442 609 1492 videbatur
626 1440 766 1491 nefas
791 1442 1005 1503 injicere
1017 1441 1176 1491 ullam
1194 1443 1671 1507 pacismentionem
1693 1460 1832 1496 :non

161 1533 228 1566 eo
245 1515 434 1583 segnius
449 1522 585 1567 tame
602 1517 796 1566 Hanno
811 1514 1072 1565 Barchinae
1088 1514 1321 1565 fastionis
1337 1515 1656 1582 adversai·iu5‚
1674 1534 1832 1588 quern

158 1590 359 1657 semper
375 1593 498 1642 belli
516 1606 694 1642 contra
709 1592 980 1643 Romanos
996 1589 1208 1656 suscepti
1232 1592 1474 1656 poenituit
1511 1632 1524 1654 ,
1554 1594 1835 1660 prudenter

155 1663 393 1716 hortatus
410 1667 480 1717 est
498 1666 608 1717 suos
624 1667 926 1731 cives-,tutin
941 1663 1176 1715 secundis
1208 1665 1359 1714 rebus
1389 1665 1599 1717 fortuna
1623 1672 1697 1719 uti
1720 1669 1828 1720 vel-

158 1738 292 1796 lent,
311 1742 359 1790 ὃ(
376 1741 433 1791 de
448 1757 572 1808 pace
591 1744 762 1808 potius
776 1756 929 1806 quam
949 1738 1011 1790 de
1033 1740 1176 1789 bello
1192 1741 1488 1805 togitarent.
1504 1751 1533 1784 a
1559 1742 1832 1812 Mzmst,in-

162 1832 226 1884 qu
235 1816 248 1863 i
258 1829 293 1881 t,
309 1818 699 1887 praetermittimus
714 1811 790 1865 hoc
807 1827 981 1886 tempus
993 1829 1081 1884 quo
1092 1812 1241 1883 magis
1255 1809 1363 1863 dare
1375 1830 1512 1885 quam
1526 1818 1724 1889 accipere
1731 1815 1831 1889 pos-

150 1887 311 1961 ficmus
327 1887 483 1940 videri
492 1905 648 1965 pacem
667 1908 678 1939 :
695 1905 858 1939 vereor
869 1905 926 1939 ne
940 1887 1027 1939 haec
1037 1904 1206 1959 quoque
1231 1885 1391 1940 laetitia
1406 1888 1612 1941 luxuriet
1637 1889 1764 1943 nobis
1776 1909 1832 1942 ac

159 1982 284 2014 vana
300 1963 495 2016 evadat.
541 1966 593 2015 N
599 1983 656 2015 ec
670 1963 816 2016 falsus
833 1977 969 2015 vates
983 1963 1246 2015 fuit.Nam
1263 1980 1424 2029 quum
1442 1978 1564 2022 tunc
1592 1970 1837 2035 temporis

159 2041 228 2091 ab
245 2043 429 2090 animis
446 2042 644 2106 ingenti
663 2040 832 2090 laetitia
858 2041 1136 2090 occoecatis
1150 2036 1410 2107 repudiata
1440 2038 1561 2090 esset
1591 2042 1697 2090 eius
1725 2041 1832 2093 sen.

154 2112 444 2176 tentia‚sero
459 2115 633 2182 postea
652 2131 677 2164 a
691 2114 880 2165 Senatu
893 2112 1094 2164 laudata
1108 2112 1384 2181 fuit‚quurn
1400 2130 1463 2163 eo
1478 2112 1658 2165 redasti
1674 2114 1832 2168 effent

151 2189 482 2252 miseriarum,
503 2202 554 2240 vt
572 2203 692 2257 quas
708 2188 1029 2240 conditiones
1043 2185 1162 2239 ante
1180 2188 1311 2240 ferre
1327 2202 1669 2255 poterant‚eas
1685 2190 1832 2241 dein-

157 2280 266 2331 ceps
281 2263 568 2330 suppliciter
585 2262 786 2314 orando
803 2280 916 2314 non
933 2264 1482 2331 impetrarint.Mentes
1500 2265 1640 2316 enim
1657 2264 1830 2315 homi-

156 2354 283 2390 num
316 2338 448 2388 dulci
475 2337 686 2389 fortuna
709 2340 844 2405 quasi
872 2339 1195 2390 inebriantur
1210 2380 1223 2400 ‚
1242 2354 1311 2389 ne
1330 2338 1497 2388 videre
1512 2335 1699 2405 possint
1717 2356 1824 2407 quae

156 2412 270 2464 sunt
290 2431 348 2464 ex
363 2413 468 2463 usu.
519 2416 692 2481 Qm
721 2416 886 2464 casum
917 2415 1075 2464 vitare
1103 2415 1314 2480 cupiens
1330 2412 1721 2463 Caesarbscribit
1745 2411 1824 2464 hoc
1846 2437 1871 2476 b
1890 2454 1963 2484 1„-
2003 2439 2052 2481 m,

1860 1728 1880 1758 a
1895 1721 2028 1762 Livius
2075 1772 2077 1774 q

1861 1773 2075 1820 xxiiidibo

158 2505 301 2539 umam
315 2488 389 2556 est}
398 2502 573 2561 tempus
585 2487 643 2537 de
650 2502 757 2561 pace
771 2486 951 2559 agendi,
964 2483 1170 2558 dumstbi
1184 2501 1368 2557 uterque
1393 2484 1718 2553 coffideret,&
1734 2502 1818 2561 pa·
1842 2498 1957 2547 debeo.
1968 2503 2042 2552 avg

160 2580 235 2614 res
246 2557 376 2612 ambo
387 2559 658 2613 videremur
672 2562 743 2632 :st
758 2579 871 2612 vero
883 2562 1021 2613 alteri
1034 2562 1231 2633 paullum
1241 2558 1369 2610 modo
1382 2557 1600 2641 tribuisset
1608 2560 1818 2630 femma,

158 2654 249 2690 nen
262 2635 336 2709 ff
349 2635 532 2709 astarum
544 2634 870 2692 conditionibus
874 2637 1003 2713 pacis
1017 2655 1120 2689 eum
1131 2639 1213 2712 qui
1219 2635 1272 2707 fia
1271 2639 1424 2707 perior
1450 2635 1695 2690 videmur
1712 2680 1726 2705 ,
1742 2656 1822 2689 ne-

1242 2710 1303 2764 M
1374 2726 1410 2761 2
1729 2728 1819 2786 que
