2284 3132
424 129 521 197 306
777 133 779 136 ·
853 124 956 173 DE
1020 122 1396 175 movetis
1455 120 1668 171 nem

412 217 578 266 astum
599 222 706 262 erat
726 208 789 260 de
811 211 1124 276 impeti0,&‚
1144 223 1398 277 quantum
1431 207 1635 258 homini
1654 205 1727 257 fas
1759 204 1826 257 est
1841 209 2096 273 augurari,

413 290 574 341 victor
604 285 837 334 Annibal
871 284 951 335 die
978 287 1143 351 quinti
1170 290 1224 334 in
1255 284 1523 351 Capitolio
1549 283 1735 349 epulari
1757 281 2010 348 potuifl'et.
2045 282 2096 336 Si

413 362 636 412 Annoni
653 360 785 409 recte
801 358 1034 410 suadenti
1055 356 1326 425 paruissent
1347 354 1853 425 Carthaginenses,&
1870 355 2098 423 arripuis.
2163 359 2169 367 ‘

422 434 533 486 sent
552 449 648 484 tem
660 450 761 501 pus»,
777 450 884 498 quo
901 435 1065 499 magis
1084 434 1196 485 dare
1212 449 1385 499 pacem
1405 449 1557 498 quarn
1587 433 1812 497 accipere
1840 443 2097 498 poterant,

425 508 686 561 excidium
704 508 845 557 urbis
863 506 1278 558 avertissent.Sed
1294 511 1450 557 animi
1466 507 1612 556 rebus
1629 505 1859 556 secundis
1875 505 2096 556 insolen-

422 597 514 645 teS,
533 586 580 632 ὅ(
596 584 727 632 velut
743 583 869 643 ebrij
888 581 1020 632 dulci
1038 581 1246 632 fortuna
1263 598 1372 632 non
1393 580 1663 631 advertunt
1677 580 1816 646 quod
1835 583 2095 646 optimum

423 658 555 708 fastu
577 658 631 708 sit
650 700 661 718 ,
679 671 761 706 aut
779 656 947 707 facere
967 658 1167 706 nolunt.
1182 657 1467 724 Qpntilius
1483 658 1644 707 Varus
1662 671 1778 705 cum
1798 654 2096 721 legionibus

427 735 475 781 ὃς
495 732 691 791 auxiliis
708 747 816 780 non
834 729 950 780 esset
991 730 1050 779 ad
1069 733 1483 780 internecionem
1514 728 1732 779 redactus
1769 772 1782 793 ,
1800 730 1833 780 si
1864 728 2095 795 praesagia

425 820 648 857 venturae
666 804 1229 865 calamitatis‚&indicia
1248 803 1647 854 fidelissimorum
1670 803 1947 852 hominum
1981 818 2094 855 non

430 877 827 945 contempsisset.
847 878 944 929 Sed
962 879 1220 928 interdum
1238 879 1340 929 fata
1366 878 1635 945 praevalent
1652 877 1873 938 consiliis
1911 913 1923 931 ,
1941 878 1986 925 ὃ(
2007 876 2095 938 (ut

433 955 662 1021 praeclare
678 953 742 1002 ab
762 954 978 1020 antiquo
1001 958 1019 978 '³
1051 954 1306 1020 Scriptore
1323 955 1583 1003 memoriae
1598 951 1855 1016 proditum
1874 952 1943 1001 est
1959 951 2095 1019 flul-

201 1025 219 1045 ⁸
237 1019 409 1108 Ammfal-
431 1032 573 1078 mine
593 1026 965 1093 tangendorum
986 1041 1183 1077 mentes
1198 1026 1524 1078 hebetantur.
1556 1026 1639 1075 Ne
1672 1025 1901 1092 pluribus
1929 1043 2097 1077 exem-

193 1079 374 1170 {affa'ce
394 1096 408 1104 “
432 1104 524 1169 plis
543 1100 849 1152 recensendis
865 1103 1224 1162 immoremur,
1243 1119 1348 1168 quae
1366 1118 1423 1150 ex
1440 1101 1708 1151 annalium
1737 1105 2098 1152 monumentis

435 1173 589 1241 prope
607 1175 1008 1225 innumerabilia
1027 1175 1257 1241 depromi
1277 1174 1493 1240 poss'unt,
1509 1175 1685 1224 scitote
1703 1175 1843 1224 nulla
1871 1191 1917 1223 re
1933 1191 2096 1240 genus

436 1250 721 1300 humanum
741 1250 1079 1314 propinquius
1095 1247 1157 1297 ad
1185 1262 1373 1297 naturae
1402 1248 1579 1298 divinae
1607 1247 1990 1298 similitudinem
2018 1266 2098 1300 ac-

434 1324 630 1380 cedere,
644 1338 796 1386 quam
814 1322 945 1371 recte
963 1321 1292 1378 consulendo,
1310 1325 1356 1370 ὅ(
1373 1319 1818 1388 utsapicntissimus
1846 1322 1915 1372 est
1937 1325 1976 1372 is
1995 1326 2095 1387 cui,

433 1395 574 1465 quod
589 1412 713 1461 opus
727 1395 803 1460 fit,
819 1396 904 1461 ipsi
922 1394 1003 1445 sua
1018 1394 1195 1462 sponte
1210 1399 1379 1447 veniat
1393 1399 1444 1446 in
1461 1397 1854 1459 mentem,stcin
1869 1396 2100 1448 secundo

433 1470 589 1537 gradu
617 1469 839 1520 consistit
870 1472 958 1535 qui
986 1470 1186 1520 alterius
1216 1471 1351 1521 bene
1369 1473 1584 1522 inventis
1599 1471 1957 1537 obtemperare
1985 1487 2100 1524 non

433 1543 644 1596 recusat.
661 1543 1234 1612 Qoindulgentiorem
1253 1544 1517 1594 fortunam
1534 1545 1646 1595 estis
1663 1547 1869 1612 experti,
1886 1562 1990 1611 quo
2004 1545 2102 1598 flo-

438 1620 638 1668 sentior
658 1622 702 1668 ὃς
725 1620 916 1669 beatior
934 1618 1002 1669 est
1016 1619 1166 1670 vester
1181 1620 1359 1682 StatuS‚
1381 1636 1445 1670 eo
1459 1622 1620 1685 magis
1636 1617 1890 1670 modestiae
1906 1635 1965 1669 ac
1979 1636 2098 1672 mo.

439 1692 685 1741 derationi
704 1694 844 1743 iitare
860 1707 951 1742 vos
966 1708 1194 1757 oportet,
1213 1710 1312 1744 nec
1336 1693 1494 1744 fidere
1523 1696 1741 1744 nimium
1773 1692 2100 1760 praesentibus

443 1765 617 1827 boniS,
638 1784 745 1832 quae
763 1766 980 1815 mobilis
995 1767 1124 1817 horae
1138 1782 1419 1818 momento
1434 1781 1720 1834 permutare
1737 1767 1981 1818 dominos
1998 1809 2012 1831 ‚
2048 1772 2101 1822 ὅ(

441 1842 494 1890 in
512 1839 1010 1900 alterajuratranfire
1035 1841 1427 1894 consueverunt.
1458 1842 1616 1891 Pluxae
1633 1884 1646 1902 ,
1684 1845 1732 1892 &
1760 1840 1958 1892 caducae
1984 1841 2102 1894 sunt

439 1913 593 1963 sortes
607 1929 664 1962 ac
678 1911 1039 1965 vicissitudines
1054 1914 1396 1966 humanarum
1413 1933 1582 1967 retunt
1603 1958 1615 1979 ‚
1632 1933 1726 1967 nec
1744 1915 2022 1984 quidquam
2045 1908 2107 1968 in'

440 1989 582 2037 terris
599 1990 759 2054 magis
774 1988 952 2039 stabile
968 1989 1035 2038 est
1054 2006 1111 2039 ac
1129 1989 1448 2054 diuturnum,
1468 2007 1623 2056 quam
1645 1993 1722 2041 cui
1740 1990 1898 2041 subest
1914 1990 2101 2056 iustitie
2124 2043 2128 2047 ,

436 2059 856 2113 fundamentum.
875 2063 966 2112 His
981 2062 1206 2131 auspiciis
1225 2081 1300 2114 res
1317 2066 1484 2116 vestrae
1513 2065 1578 2114 ab
1606 2066 1722 2115 exili
1741 2065 1995 2133 principio
2036 2063 2104 2116 ad

441 2150 555 2185 eam
572 2136 988 2201 magnitudinem
1004 2154 1061 2187 ac
1074 2141 1362 2204 potentiam
1375 2141 1554 2193 evectae
1570 2138 1761 2202 sunt,ut
1775 2152 2003 2193 nontam
2021 2153 2104 2189 ac-

442 2205 601 2258 cessio
614 2210 764 2260 vobis
781 2211 1059 2277 quaerenda,
1078 2228 1234 2277 quam
1249 2212 1463 2264 fortunae
1491 2216 1838 2264 commutatio
1861 2227 2104 2266 metuen-

441 2281 504 2332 da
521 2283 707 2350 fit,quae
724 2300 991 2352 nunquam
1005 2286 1187 2338 eodem
1202 2280 1421 2354 vestigio
1439 2289 1679 2340 consistit.
1698 2287 1821 2338 Ideo
1857 2286 2105 2338 foeliciter

442 2356 640 2408 bellum
658 2358 882 2424 gessistis,
898 2363 1018 2428 quia
1035 2361 1220 2412 iustum
1239 2375 1340 2411 erat
1363 2362 1572 2412 :iustum
1593 2376 1761 2412 autem
1790 2362 1908 2429 quia
1933 2358 2104 2410 neces-

438 2430 641 2483 sarium.
676 2433 859 2500 Neque
874 2438 1012 2485 enim
1030 2434 1133 2486 ulla
1150 2436 1245 2485 alia
1262 2437 1489 2501 legitima
1506 2437 1644 2486 causa
1661 2437 1731 2487 est
1757 2448 1936 2485 contra
1951 2433 2103 2484 Prin-

439 2507 486 2555 ci
494 2521 614 2572 pem
631 2523 769 2557 arma
784 2507 1011 2560 sumendi
1032 2548 1043 2558 .
1059 2510 1230 2559 Deum
1247 2526 1336 2576 pro
1354 2512 1570 2560 meliore
1588 2510 1727 2560 causa
1739 2509 1963 2561 stantem
1984 2523 2100 2574 pro-

439 2582 624 2647 pitium
637 2580 886 2636 habuistis.
935 2583 1242 2639 Verendum
1268 2581 1462 2636 essetne
1481 2588 1663 2637 iratum
1678 2583 2045 2655 experiamini,
2062 2580 2100 2636 ss

1862 2669 2105 2710 C0mm0-
