2284 3132
441 186 500 245 23
827 174 933 224 DE
998 171 1368 224 movetis
1439 170 1651 222 Emit

449 263 1195 339 p1·aedabantur‚quumoccasio
1214 262 1276 314 ad
1294 277 1408 313 eam
1427 279 1535 312 rem
1550 258 1767 323 ferebat,
1786 257 1866 309 sed
1894 254 2126 311 classibus

457 346 604 394 omni
636 357 880 409 apparatu
915 341 1145 391 virorum
1175 353 1440 388 armorum
1454 354 1553 403 que
1572 338 1619 384 δε
1647 348 1936 385 commeatu
1954 339 2129 386 muni-

457 415 658 468 tiffimis
686 415 1051 482 negotiabfttur
1069 412 1415 464 cumAurorae
1445 411 1672 478 populis,
1692 408 2026 476 undeignota
2054 413 2130 462 vis

462 506 756 543 aromatum
795 492 1113 556 aliarumque
1142 489 1388 547 mercium
1454 485 1800 536 devehebatur
1833 524 1848 544 ,
1883 501 1991 534 non
2024 486 2132 536 sine

461 569 661 634 ingenti
700 566 1012 615 detrimento
1043 565 1305 629 copiarum
1321 574 1468 626 atque
1508 576 1666 627 opum
1695 558 2093 626 Philippicarum
2116 599 2128 611 .

463 638 617 694 Adde
647 638 789 707 quod
814 637 1050 689 ditiffimi'
1074 651 1386 688 mercatores
1433 638 1691 685 unitarum
1721 633 2128 700 Provinciarum‚

464 734 556 784 per
579 718 664 765 illa
694 730 928 781 tempora
959 712 1050 763 sub
1083 711 1365 779 auspicio&
1391 705 1956 760 fideillustriffimorum
1974 709 2130 759 Ordi-

467 807 594 842 num
612 793 834 839 inierant
863 788 1188 848 societatem,
1209 789 1257 835 &
1285 785 1560 836 consilium
1588 795 1825 850 ceperant
1852 781 1914 834 de
1945 783 2132 834 instau-

470 864 625 915 randa
643 864 900 930 praepoteti
919 858 1086 924 classe,
1102 877 1203 926 qua
1218 862 1536 924 navigaretur
1549 858 1611 907 ad
1626 860 1746 908 novi
1761 858 1901 907 orbis
1915 859 2131 924 incolas,
2147 854 2152 859 ’

469 954 685 1004 eamque
701 936 898 986 Indiam
918 951 1026 1002 quae
1043 934 1225 1000 spectat
1241 932 1478 982 occasum
1495 931 1674 996 solem,
1693 946 1763 996 ut,
1780 934 1815 984 fi
1833 931 1940 983 fieri
1954 930 2132 1000 poffet,

472 1014 847 1078 interciperent
869 1008 1152 1060 immensos
1169 1009 1277 1058 auri
1295 1009 1590 1074 argentique
1606 1021 1902 1075 proventuS,
1919 1011 2134 1074 quosin-

475 1087 538 1137 de
553 1089 662 1137 Rex
682 1085 942 1152 Philippus
958 1100 1277 1151 regnumque
1291 1084 1398 1131 eius
1431 1085 1691 1149 percipere
1708 1081 1992 1134 consuevit.
2019 1083 2138 1134 Hoc

473 1170 763 1226 incoeptum
783 1160 814 1210 ti
833 1158 1028 1226 prosper
1045 1173 1258 1209 eventus
1273 1155 1587 1220 secund-aret,
1609 1158 1847 1222 quorsum
1866 1174 1935 1206 res
1968 1156 2138 1210 evasu-

474 1253 525 1286 ra
554 1234 673 1285 effer
690 1276 703 1297 ,
722 1233 869 1284 facile
891 1237 1047 1284 cuivis
1063 1231 1388 1283 considerato
1404 1232 1600 1297 liquere
1626 1232 1806 1298 potest.
1855 1231 2140 1291 *Postremo

478 1309 608 1360 istud
622 1309 799 1361 venire
815 1321 1017 1375 poterat
1035 1309 1089 1356 in
1106 1322 1340 1358 mentem
1360 1308 1419 1368 ijs
1436 1309 1522 1374 qui
1541 1308 1807 1358 consilium
1826 1309 1978 1373 Regis
1991 1308 2139 1372 parti-

480 1386 659 1450 cipant
680 1425 691 1444 ,
713 1383 830 1433 siita
846 1381 997 1434 ferret
1020 1382 1123 1432 sors
1154 1381 1386 1432 infestior
1405 1422 1417 1443 ‚
1433 1399 1492 1431 ur
1510 1380 1797 1431 Ordinibus
1823 1379 2139 1433 veniendum

477 1456 596 1509 effer
611 1457 701 1507 sub
718 1457 966 1508 ditionem
995 1457 1357 1524 acpotestatem
1387 1456 1598 1506 alicuius
1623 1455 1852 1519 domini,
1873 1459 2038 1523 potius
2054 1471 2143 1505 eos

475 1533 578 1584 sese
597 1534 728 1599 Regi
748 1531 1027 1583 Galliarum
1059 1545 1142 1582 aut
1156 1532 1358 1598 Magnae
1373 1531 1642 1582 Britanniae
1668 1529 1957 1596 dedituros,
1984 1546 2144 1596 quam

477 1622 533 1657 ut
552 1606 613 1657 ad
627 1607 861 1673 pristinos
875 1607 1132 1673 Principes
1146 1608 1328 1657 reverti
1354 1620 1591 1672 cuperent
1606 1643 1619 1661 ‚
1658 1605 1871 1656 Nullam
1883 1607 2024 1654 enim
2042 1603 2144 1655 esse

482 1681 624 1749 spem
644 1680 754 1730 fidae
772 1682 1169 1731 recociliationis
1186 1696 1303 1730 cum
1319 1682 1379 1742 ijs
1394 1697 1523 1746 quos
1540 1695 1644 1730 tam
1661 1680 2051 1747 implacabiliter
2063 1677 2145 1728 of-

480 1756 778 1806 fenderunt.
794 1757 1002 1825 Qppe
1017 1769 1197 1805 natura
1214 1756 1426 1806 insitum
1440 1755 1509 1805 est
1523 1755 1996 1822 hnmanisingenijs
2012 1752 2147 1805 odis-

478 1831 529 1881 se
544 1847 699 1898 quem
715 1828 903 1879 laeseris.
934 1829 1047 1879 Nec
1060 1828 1207 1879 facile
1222 1846 1456 1894 unquam
1471 1828 1850 1896 persuadebitur
1875 1832 1934 1891 ijs
1961 1831 2049 1895 qui
2074 1827 2147 1879 se-

479 1907 586 1955 mel
600 1907 776 1970 jugum
795 1904 1112 1954 excusserunt
1131 1947 1145 1967 ‚
1158 1907 1470 1953 memoriam
1489 1905 1665 1955 talium
1685 1902 1988 1954 offenfittum
2008 1905 2151 1955 bona

482 1979 584 2029 fide
598 1978 757 2029 deleri
773 1978 937 2045 posse.
989 1978 1211 2028 Manent
1226 1977 1328 2027 haec
1343 1980 1556 2045 reposita
1573 1978 1661 2028 sub
1679 1980 1784 2028 alto
1802 1979 2006 2045 pectore
2021 2018 2035 2039 ‚
2049 1994 2149 2028 nec

481 2066 754 2119 magnates
770 2068 997 2119 unquam
1016 2055 1260 2102 iniuriart‘i
1279 2053 1650 2103 obliviscuntur
1664 2097 1677 2117 ,
1695 2056 1927 2119 quamvis
1941 2054 2069 2103 iram
2084 2051 2158 2102 ad·

487 2141 690 2193 tempus
704 2129 839 2177 taciti
858 2140 1190 2191 concoquant·
1205 2143 1268 2176 ne
1281 2124 1502 2193 professa
1528 2127 1645 2180 odia
1676 2127 1891 2195 perdant
1920 2127 2151 2178 vindicitae

485 2201 832 2251 occasionem.
874 2201 962 2250 His
980 2202 1284 2252 &similibus
1301 2202 1624 2264 conjecturis,
1639 2202 1993 2257 rationibus&
2005 2218 2151 2268 argu-

484 2278 674 2326 mentis
691 2267 1035 2325 movebamur
1053 2275 1229 2342 pleriq3
1247 2273 1382 2324 haud
1395 2277 1620 2326 incallidi
1636 2292 1842 2327 morum
1861 2292 1919 2326 ac
1944 2284 2155 2342 tempo-'

487 2365 677 2405 rum‚ut
695 2349 960 2400 crederent
976 2349 1272 2416 Philippum
1287 2351 1452 2416 Regia
1466 2350 1780 2403 sublimitate
1811 2350 2152 2416 despecturuni

486 2423 622 2474 hanc
636 2426 993 2490 imaginariam
1011 2424 1386 2474 contumeliam
1403 2465 1416 2485 ‚
1431 2441 1524 2475 nec
1539 2426 1815 2493 quidquam
1834 2424 2152 2475 decessurum

489 2497 696 2565 fastigio
713 2493 1012 2560 Maiestatig
1030 2500 1064 2551 si
1095 2515 1406 2566 quaecunque
1433 2501 1819 2567 postulabantur
1845 2499 1910 2549 ab
1937 2499 2152 2549 Ordini-

491 2572 583 2622 bus
602 2575 669 2635 ,δε
686 2575 788 2635 jam
810 2572 1045 2624 concessa
1064 2589 1206 2624 erant
1225 2573 1290 2622 ab
1307 2572 1682 2624 Archid-ucibus
1699 2574 1904 2630 ,fortem
1920 2577 2151 2625 animum

489 2648 707 2699 tolerare
720 2645 1114 2717 juffisset,eaque
1129 2648 1312 2700 omnia
1325 2645 1470 2699 suffra
1475 2650 1564 2715 gio
1575 2648 1658 2715 sue
1672 2648 1994 2701 authoritatis
2007 2665 2155 2701 com-

2034 2743 2154 2796 pro-
