<?xml version="1.0" encoding="UTF-8"?>
<!DOCTYPE html PUBLIC "-//W3C//DTD XHTML 1.0 Transitional//EN"
    "http://www.w3.org/TR/xhtml1/DTD/xhtml1-transitional.dtd">
<html xmlns="http://www.w3.org/1999/xhtml" xml:lang="en" lang="en">
 <head>
  <title>
</title>
<meta http-equiv="Content-Type" content="text/html;charset=utf-8" />
  <meta name='ocr-system' content='tesseract 3.04.00' />
  <meta name='ocr-capabilities' content='ocr_page ocr_carea ocr_par ocr_line ocrx_word'/>
</head>
<body>
  <div class='ocr_page' id='page_1' title='image "./libritresdeindvc00baud/libritresdeindvc00baud_0158.png"; bbox 0 0 2284 3132; ppageno 0'>
   <div class='ocr_carea' id='block_1_1' title="bbox 427 115 1686 171">
    <p class='ocr_par' dir='ltr' id='par_1_1' title="bbox 427 115 1686 171">
     <span class='ocr_line' id='line_1_1' title="bbox 427 115 1686 171; baseline -0.003 -2"><span class='ocrx_word' id='word_1_1' title='bbox 427 119 519 170; x_wconf 77' lang='lat'>128</span> <span class='ocrx_word' id='word_1_2' title='bbox 855 117 954 166; x_wconf 81' lang='lat' dir='ltr'>DE</span> <span class='ocrx_word' id='word_1_3' title='bbox 1022 116 1397 171; x_wconf 83' lang='lat' dir='ltr'>INDVCIIS</span> <span class='ocrx_word' id='word_1_4' title='bbox 1464 115 1686 168; x_wconf 77' lang='lat' dir='ltr'>BELLI</span> 
     </span>
    </p>
   </div>
   <div class='ocr_carea' id='block_1_2' title="bbox 419 200 2129 2649">
    <p class='ocr_par' dir='ltr' id='par_1_2' title="bbox 419 200 2129 2649">
     <span class='ocr_line' id='line_1_2' title="bbox 421 200 2105 273; baseline 0 -14"><span class='ocrx_word' id='word_1_5' title='bbox 421 203 791 259; x_wconf 81' lang='lat' dir='ltr'>circumvenire</span> <span class='ocrx_word' id='word_1_6' title='bbox 808 203 1111 269; x_wconf 81' lang='lat' dir='ltr'>contendit,</span> <span class='ocrx_word' id='word_1_7' title='bbox 1134 207 1321 273; x_wconf 86' lang='lat' dir='ltr'>quippe</span> <span class='ocrx_word' id='word_1_8' title='bbox 1339 213 1497 273; x_wconf 86' lang='lat' dir='ltr'>quum</span> <span class='ocrx_word' id='word_1_9' title='bbox 1522 205 1776 271; x_wconf 80' lang='lat' dir='ltr'>intelligat</span> <span class='ocrx_word' id='word_1_10' title='bbox 1804 200 1993 272; x_wconf 84' lang='lat' dir='ltr'>absque</span> <span class='ocrx_word' id='word_1_11' title='bbox 2017 206 2105 259; x_wconf 80' lang='lat' dir='ltr'>tali</span> 
     </span>
     <span class='ocr_line' id='line_1_3' title="bbox 419 277 2108 347; baseline -0.001 -14"><span class='ocrx_word' id='word_1_12' title='bbox 419 281 818 333; x_wconf 82' lang='lat' dir='ltr'>renunciatione</span> <span class='ocrx_word' id='word_1_13' title='bbox 846 277 989 347; x_wconf 83' lang='lat' dir='ltr'>spem</span> <span class='ocrx_word' id='word_1_14' title='bbox 1008 279 1118 330; x_wconf 82' lang='lat' dir='ltr'>fidae</span> <span class='ocrx_word' id='word_1_15' title='bbox 1134 279 1484 346; x_wconf 76' lang='lat' dir='ltr'>mansuraeque</span> <span class='ocrx_word' id='word_1_16' title='bbox 1502 282 1635 347; x_wconf 84' lang='lat' dir='ltr'>pacis</span> <span class='ocrx_word' id='word_1_17' title='bbox 1650 277 1842 346; x_wconf 86' lang='lat' dir='ltr'>prorsus</span> <span class='ocrx_word' id='word_1_18' title='bbox 1867 278 1963 331; x_wconf 85' lang='lat' dir='ltr'>effe</span> <span class='ocrx_word' id='word_1_19' title='bbox 1980 297 2108 331; x_wconf 87' lang='lat' dir='ltr'>con-</span> 
     </span>
     <span class='ocr_line' id='line_1_4' title="bbox 422 352 2104 421; baseline 0.001 -16"><span class='ocrx_word' id='word_1_20' title='bbox 422 356 714 406; x_wconf 72' lang='lat' dir='ltr'>clamatam?</span> <span class='ocrx_word' id='word_1_21' title='bbox 734 352 927 402; x_wconf 88' lang='lat' dir='ltr'>Merito</span> <span class='ocrx_word' id='word_1_22' title='bbox 946 353 1094 408; x_wconf 59' lang='lat' dir='ltr'>laetati</span> <span class='ocrx_word' id='word_1_23' title='bbox 1109 353 1279 405; x_wconf 85' lang='lat' dir='ltr'>sumus</span> <span class='ocrx_word' id='word_1_24' title='bbox 1302 354 1576 421; x_wconf 84' lang='lat' dir='ltr'>postquam</span> <span class='ocrx_word' id='word_1_25' title='bbox 1592 353 1742 404; x_wconf 86' lang='lat' dir='ltr'>nobis</span> <span class='ocrx_word' id='word_1_26' title='bbox 1758 356 2104 406; x_wconf 86' lang='lat' dir='ltr'>renuntiatum</span> 
     </span>
     <span class='ocr_line' id='line_1_5' title="bbox 424 426 2108 495; baseline 0.001 -16"><span class='ocrx_word' id='word_1_27' title='bbox 424 430 493 480; x_wconf 89' lang='lat' dir='ltr'>est</span> <span class='ocrx_word' id='word_1_28' title='bbox 511 426 821 495; x_wconf 85' lang='lat' dir='ltr'>generosum</span> <span class='ocrx_word' id='word_1_29' title='bbox 837 427 1002 477; x_wconf 88' lang='lat' dir='ltr'>animi</span> <span class='ocrx_word' id='word_1_30' title='bbox 1019 427 1170 478; x_wconf 89' lang='lat' dir='ltr'>vestri</span> <span class='ocrx_word' id='word_1_31' title='bbox 1187 429 1526 495; x_wconf 74' lang='lat' dir='ltr'>propositum,</span> <span class='ocrx_word' id='word_1_32' title='bbox 1546 444 1652 494; x_wconf 88' lang='lat' dir='ltr'>quo</span> <span class='ocrx_word' id='word_1_33' title='bbox 1667 426 1872 477; x_wconf 81' lang='lat' dir='ltr'>fraudes</span> <span class='ocrx_word' id='word_1_34' title='bbox 1904 427 2015 479; x_wconf 87' lang='lat' dir='ltr'>istas</span> <span class='ocrx_word' id='word_1_35' title='bbox 2058 430 2108 481; x_wconf 69' lang='grc' dir='ltr'>δε</span> 
     </span>
     <span class='ocr_line' id='line_1_6' title="bbox 420 500 2100 570; baseline -0.001 -14"><span class='ocrx_word' id='word_1_36' title='bbox 420 501 661 556; x_wconf 77' lang='lat' dir='ltr'>versutias</span> <span class='ocrx_word' id='word_1_37' title='bbox 677 500 788 553; x_wconf 85' lang='lat' dir='ltr'>estis</span> <span class='ocrx_word' id='word_1_38' title='bbox 807 500 1028 565; x_wconf 78' lang='lat' dir='ltr'>aversati,</span> <span class='ocrx_word' id='word_1_39' title='bbox 1047 517 1147 552; x_wconf 92' lang='lat' dir='ltr'>nec</span> <span class='ocrx_word' id='word_1_40' title='bbox 1163 501 1461 552; x_wconf 88' lang='lat' dir='ltr'>dubitamus</span> <span class='ocrx_word' id='word_1_41' title='bbox 1476 519 1536 552; x_wconf 85' lang='lat' dir='ltr'>ex</span> <span class='ocrx_word' id='word_1_42' title='bbox 1555 501 1741 553; x_wconf 87' lang='lat' dir='ltr'>fiducia</span> <span class='ocrx_word' id='word_1_43' title='bbox 1757 501 1926 553; x_wconf 81' lang='lat' dir='ltr'>vestra:</span> <span class='ocrx_word' id='word_1_44' title='bbox 1941 504 1998 551; x_wconf 90' lang='lat' dir='ltr'>in</span> <span class='ocrx_word' id='word_1_45' title='bbox 2014 520 2100 570; x_wconf 89' lang='lat' dir='ltr'>pu-</span> 
     </span>
     <span class='ocr_line' id='line_1_7' title="bbox 425 574 2105 643; baseline 0.001 -17"><span class='ocrx_word' id='word_1_46' title='bbox 425 578 616 628; x_wconf 87' lang='lat' dir='ltr'>blicum</span> <span class='ocrx_word' id='word_1_47' title='bbox 638 577 843 626; x_wconf 88' lang='lat' dir='ltr'>bonum</span> <span class='ocrx_word' id='word_1_48' title='bbox 860 577 1234 642; x_wconf 77' lang='lat' dir='ltr'>propensioniS,</span> <span class='ocrx_word' id='word_1_49' title='bbox 1253 579 1378 643; x_wconf 88' lang='lat' dir='ltr'>quin</span> <span class='ocrx_word' id='word_1_50' title='bbox 1399 575 1685 627; x_wconf 85' lang='lat' dir='ltr'>constanter</span> <span class='ocrx_word' id='word_1_51' title='bbox 1701 578 1755 626; x_wconf 89' lang='lat' dir='ltr'>in</span> <span class='ocrx_word' id='word_1_52' title='bbox 1773 575 1860 624; x_wconf 84' lang='lat' dir='ltr'>tali</span> <span class='ocrx_word' id='word_1_53' title='bbox 1894 574 2105 628; x_wconf 88' lang='lat' dir='ltr'>decreto</span> 
     </span>
     <span class='ocr_line' id='line_1_8' title="bbox 421 648 2107 719; baseline -0.002 -14"><span class='ocrx_word' id='word_1_54' title='bbox 421 654 526 705; x_wconf 83' lang='lat' dir='ltr'>sitis</span> <span class='ocrx_word' id='word_1_55' title='bbox 543 650 922 719; x_wconf 77' lang='lat' dir='ltr'>perseveraturi.</span> <span class='ocrx_word' id='word_1_56' title='bbox 974 649 1182 700; x_wconf 86' lang='lat' dir='ltr'>Tamen</span> <span class='ocrx_word' id='word_1_57' title='bbox 1204 666 1361 716; x_wconf 88' lang='lat' dir='ltr'>quum</span> <span class='ocrx_word' id='word_1_58' title='bbox 1382 655 1566 717; x_wconf 87' lang='lat' dir='ltr'>peritus</span> <span class='ocrx_word' id='word_1_59' title='bbox 1597 650 1721 700; x_wconf 89' lang='lat' dir='ltr'>belli</span> <span class='ocrx_word' id='word_1_60' title='bbox 1736 648 1835 699; x_wconf 79' lang='lat' dir='ltr'>dux</span> <span class='ocrx_word' id='word_1_61' title='bbox 1849 665 1933 698; x_wconf 86' lang='lat' dir='ltr'>eos</span> <span class='ocrx_word' id='word_1_62' title='bbox 1948 651 2107 717; x_wconf 88' lang='lat' dir='ltr'>potis-</span> 
     </span>
     <span class='ocr_line' id='line_1_9' title="bbox 422 723 2106 791; baseline -0.002 -12"><span class='ocrx_word' id='word_1_63' title='bbox 422 727 609 779; x_wconf 74' lang='lat' dir='ltr'>simum</span> <span class='ocrx_word' id='word_1_64' title='bbox 629 724 931 775; x_wconf 77' lang='lat' dir='ltr'>adhortetur</span> <span class='ocrx_word' id='word_1_65' title='bbox 946 765 958 786; x_wconf 82' lang='lat'>‚</span> <span class='ocrx_word' id='word_1_66' title='bbox 975 739 1106 791; x_wconf 85' lang='lat' dir='ltr'>quos</span> <span class='ocrx_word' id='word_1_67' title='bbox 1125 723 1186 773; x_wconf 89' lang='lat' dir='ltr'>ad</span> <span class='ocrx_word' id='word_1_68' title='bbox 1205 724 1540 790; x_wconf 81' lang='lat' dir='ltr'>praeliandum</span> <span class='ocrx_word' id='word_1_69' title='bbox 1557 726 1738 774; x_wconf 87' lang='lat' dir='ltr'>animo</span> <span class='ocrx_word' id='word_1_70' title='bbox 1766 723 2106 789; x_wconf 79' lang='lat' dir='ltr'>paratissimos</span> 
     </span>
     <span class='ocr_line' id='line_1_10' title="bbox 429 798 2106 864; baseline 0 -14"><span class='ocrx_word' id='word_1_71' title='bbox 429 799 522 850; x_wconf 84' lang='lat' dir='ltr'>effe</span> <span class='ocrx_word' id='word_1_72' title='bbox 537 799 674 851; x_wconf 86' lang='lat' dir='ltr'>videt</span> <span class='ocrx_word' id='word_1_73' title='bbox 693 798 846 861; x_wconf 87' lang='lat' dir='ltr'>(nam</span> <span class='ocrx_word' id='word_1_74' title='bbox 861 798 1338 863; x_wconf 87' lang='lat' dir='ltr'>imbellibus‚atque</span> <span class='ocrx_word' id='word_1_75' title='bbox 1355 800 1553 864; x_wconf 87' lang='lat' dir='ltr'>ignavis</span> <span class='ocrx_word' id='word_1_76' title='bbox 1571 798 1723 850; x_wconf 84' lang='lat' dir='ltr'>verba</span> <span class='ocrx_word' id='word_1_77' title='bbox 1735 799 1973 850; x_wconf 83' lang='lat' dir='ltr'>virtutem</span> <span class='ocrx_word' id='word_1_78' title='bbox 1989 814 2106 851; x_wconf 84' lang='lat' dir='ltr'>non</span> 
     </span>
     <span class='ocr_line' id='line_1_11' title="bbox 429 870 2106 940; baseline -0.001 -16"><span class='ocrx_word' id='word_1_79' title='bbox 429 872 625 924; x_wconf 88' lang='lat' dir='ltr'>addunt</span> <span class='ocrx_word' id='word_1_80' title='bbox 642 879 657 940; x_wconf 84' lang='lat'>)</span> <span class='ocrx_word' id='word_1_81' title='bbox 680 875 834 923; x_wconf 87' lang='lat' dir='ltr'>etiam</span> <span class='ocrx_word' id='word_1_82' title='bbox 854 885 1003 938; x_wconf 88' lang='lat' dir='ltr'>atque</span> <span class='ocrx_word' id='word_1_83' title='bbox 1020 885 1178 922; x_wconf 80' lang='lat' dir='ltr'>ettam</span> <span class='ocrx_word' id='word_1_84' title='bbox 1194 887 1287 923; x_wconf 81' lang='lat' dir='ltr'>vos</span> <span class='ocrx_word' id='word_1_85' title='bbox 1305 887 1438 938; x_wconf 86' lang='lat' dir='ltr'>rogo</span> <span class='ocrx_word' id='word_1_86' title='bbox 1453 887 1605 937; x_wconf 86' lang='lat' dir='ltr'>atque</span> <span class='ocrx_word' id='word_1_87' title='bbox 1637 870 1869 921; x_wconf 87' lang='lat' dir='ltr'>obtestor</span> <span class='ocrx_word' id='word_1_88' title='bbox 1887 913 1899 934; x_wconf 90' lang='lat'>‚</span> <span class='ocrx_word' id='word_1_89' title='bbox 1915 884 1972 920; x_wconf 90' lang='lat' dir='ltr'>ut</span> <span class='ocrx_word' id='word_1_90' title='bbox 2000 872 2106 923; x_wconf 88' lang='lat' dir='ltr'>for-</span> 
     </span>
     <span class='ocr_line' id='line_1_12' title="bbox 431 944 2104 1014; baseline 0.001 -18"><span class='ocrx_word' id='word_1_91' title='bbox 431 950 551 998; x_wconf 85' lang='lat' dir='ltr'>titer</span> <span class='ocrx_word' id='word_1_92' title='bbox 587 949 643 997; x_wconf 92' lang='lat' dir='ltr'>in</span> <span class='ocrx_word' id='word_1_93' title='bbox 659 944 860 997; x_wconf 87' lang='lat' dir='ltr'>causam</span> <span class='ocrx_word' id='word_1_94' title='bbox 887 944 1229 1001; x_wconf 81' lang='lat' dir='ltr'>incumbatis,</span> <span class='ocrx_word' id='word_1_95' title='bbox 1249 958 1502 1013; x_wconf 87' lang='lat' dir='ltr'>tantoque</span> <span class='ocrx_word' id='word_1_96' title='bbox 1532 944 1972 1014; x_wconf 77' lang='lat' dir='ltr'>impeni‘iu8‚qtiod</span> <span class='ocrx_word' id='word_1_97' title='bbox 1986 963 2104 1013; x_wconf 81' lang='lat' dir='ltr'>prae-</span> 
     </span>
     <span class='ocr_line' id='line_1_13' title="bbox 427 1017 2105 1088; baseline -0.001 -16"><span class='ocrx_word' id='word_1_98' title='bbox 427 1020 548 1088; x_wconf 82' lang='lat' dir='ltr'>sagit</span> <span class='ocrx_word' id='word_1_99' title='bbox 589 1022 744 1071; x_wconf 86' lang='lat' dir='ltr'>nobis</span> <span class='ocrx_word' id='word_1_100' title='bbox 800 1023 999 1071; x_wconf 87' lang='lat' dir='ltr'>animus</span> <span class='ocrx_word' id='word_1_101' title='bbox 1034 1021 1244 1070; x_wconf 89' lang='lat' dir='ltr'>nullum</span> <span class='ocrx_word' id='word_1_102' title='bbox 1288 1036 1448 1087; x_wconf 84' lang='lat' dir='ltr'>genus</span> <span class='ocrx_word' id='word_1_103' title='bbox 1502 1018 1709 1081; x_wconf 78' lang='lat' dir='ltr'>artificii</span> <span class='ocrx_word' id='word_1_104' title='bbox 1766 1017 2006 1070; x_wconf 83' lang='lat' dir='ltr'>omiffum</span> <span class='ocrx_word' id='word_1_105' title='bbox 2042 1021 2105 1071; x_wconf 87' lang='lat' dir='ltr'>iri</span> 
     </span>
     <span class='ocr_line' id='line_1_14' title="bbox 427 1092 2108 1162; baseline -0.001 -15"><span class='ocrx_word' id='word_1_106' title='bbox 427 1113 534 1162; x_wconf 88' lang='lat' dir='ltr'>quo</span> <span class='ocrx_word' id='word_1_107' title='bbox 560 1095 846 1146; x_wconf 83' lang='lat' dir='ltr'>constantia</span> <span class='ocrx_word' id='word_1_108' title='bbox 864 1094 1023 1146; x_wconf 85' lang='lat' dir='ltr'>vestra</span> <span class='ocrx_word' id='word_1_109' title='bbox 1048 1092 1338 1146; x_wconf 66' lang='lat' dir='ltr'>labefa&amp;ari</span> <span class='ocrx_word' id='word_1_110' title='bbox 1362 1108 1511 1161; x_wconf 85' lang='lat' dir='ltr'>queat</span> <span class='ocrx_word' id='word_1_111' title='bbox 1529 1134 1542 1151; x_wconf 78' lang='grc'>,</span> <span class='ocrx_word' id='word_1_112' title='bbox 1572 1093 1751 1143; x_wconf 86' lang='lat' dir='ltr'>saltem</span> <span class='ocrx_word' id='word_1_113' title='bbox 1781 1093 1886 1143; x_wconf 84' lang='lat' dir='ltr'>hoc</span> <span class='ocrx_word' id='word_1_114' title='bbox 1929 1107 2108 1160; x_wconf 77' lang='lat' dir='ltr'>agetur</span> 
     </span>
     <span class='ocr_line' id='line_1_15' title="bbox 428 1165 2102 1237; baseline -0.001 -17"><span class='ocrx_word' id='word_1_115' title='bbox 428 1172 579 1221; x_wconf 87' lang='lat' dir='ltr'>omni</span> <span class='ocrx_word' id='word_1_116' title='bbox 597 1187 693 1237; x_wconf 82' lang='lat' dir='ltr'>ope</span> <span class='ocrx_word' id='word_1_117' title='bbox 726 1169 1044 1237; x_wconf 81' lang='lat' dir='ltr'>consilioque</span> <span class='ocrx_word' id='word_1_118' title='bbox 1059 1205 1071 1224; x_wconf 87' lang='lat'><strong>,</strong></span> <span class='ocrx_word' id='word_1_119' title='bbox 1102 1184 1157 1218; x_wconf 91' lang='lat' dir='ltr'>ut</span> <span class='ocrx_word' id='word_1_120' title='bbox 1182 1167 1435 1220; x_wconf 78' lang='lat' dir='ltr'>insidiosis</span> <span class='ocrx_word' id='word_1_121' title='bbox 1464 1165 1790 1218; x_wconf 80' lang='lat' dir='ltr'>clausularum</span> <span class='ocrx_word' id='word_1_122' title='bbox 1819 1169 1866 1215; x_wconf 72' lang='grc' dir='ltr'>δ(</span> <span class='ocrx_word' id='word_1_123' title='bbox 1884 1170 2102 1235; x_wconf 82' lang='lat' dir='ltr'>excepti-</span> 
     </span>
     <span class='ocr_line' id='line_1_16' title="bbox 425 1239 2107 1309; baseline -0.001 -14"><span class='ocrx_word' id='word_1_124' title='bbox 425 1260 591 1295; x_wconf 84' lang='lat' dir='ltr'>onum</span> <span class='ocrx_word' id='word_1_125' title='bbox 623 1243 926 1309; x_wconf 78' lang='lat' dir='ltr'>ambagibus</span> <span class='ocrx_word' id='word_1_126' title='bbox 953 1245 1219 1309; x_wconf 70' lang='lat' dir='ltr'>integritas</span> <span class='ocrx_word' id='word_1_127' title='bbox 1249 1241 1410 1295; x_wconf 84' lang='lat' dir='ltr'>vestra</span> <span class='ocrx_word' id='word_1_128' title='bbox 1437 1284 1450 1305; x_wconf 90' lang='lat'>,</span> <span class='ocrx_word' id='word_1_129' title='bbox 1478 1243 1524 1291; x_wconf 68' lang='grc' dir='ltr'>ὃς</span> <span class='ocrx_word' id='word_1_130' title='bbox 1553 1242 1691 1292; x_wconf 82' lang='lat' dir='ltr'>bona</span> <span class='ocrx_word' id='word_1_131' title='bbox 1729 1239 1859 1291; x_wconf 78' lang='lat' dir='ltr'>fides</span> <span class='ocrx_word' id='word_1_132' title='bbox 1895 1243 1948 1290; x_wconf 90' lang='lat' dir='ltr'>in</span> <span class='ocrx_word' id='word_1_133' title='bbox 1975 1240 2107 1293; x_wconf 85' lang='lat' dir='ltr'>frau-</span> 
     </span>
     <span class='ocr_line' id='line_1_17' title="bbox 435 1313 2108 1386; baseline -0.001 -19"><span class='ocrx_word' id='word_1_134' title='bbox 435 1317 552 1369; x_wconf 86' lang='lat' dir='ltr'>dem</span> <span class='ocrx_word' id='word_1_135' title='bbox 572 1318 828 1368; x_wconf 77' lang='lat' dir='ltr'>illiciatur.</span> <span class='ocrx_word' id='word_1_136' title='bbox 865 1321 1035 1386; x_wconf 79' lang='lat' dir='ltr'>Qm</span> <span class='ocrx_word' id='word_1_137' title='bbox 1054 1315 1116 1367; x_wconf 83' lang='lat' dir='ltr'>ad</span> <span class='ocrx_word' id='word_1_138' title='bbox 1132 1333 1240 1368; x_wconf 87' lang='lat' dir='ltr'>rem</span> <span class='ocrx_word' id='word_1_139' title='bbox 1255 1328 1347 1366; x_wconf 87' lang='lat' dir='ltr'>nec</span> <span class='ocrx_word' id='word_1_140' title='bbox 1365 1316 1625 1386; x_wconf 83' lang='lat' dir='ltr'>popularis</span> <span class='ocrx_word' id='word_1_141' title='bbox 1642 1313 1844 1365; x_wconf 87' lang='lat' dir='ltr'>suadela</span> <span class='ocrx_word' id='word_1_142' title='bbox 1858 1314 2012 1365; x_wconf 83' lang='lat' dir='ltr'>deerit</span> <span class='ocrx_word' id='word_1_143' title='bbox 2027 1314 2108 1366; x_wconf 87' lang='lat' dir='ltr'>fu-</span> 
     </span>
     <span class='ocr_line' id='line_1_18' title="bbox 435 1390 2109 1460; baseline -0.001 -17"><span class='ocrx_word' id='word_1_144' title='bbox 435 1406 542 1443; x_wconf 83' lang='lat' dir='ltr'>cata</span> <span class='ocrx_word' id='word_1_145' title='bbox 556 1390 822 1458; x_wconf 82' lang='lat' dir='ltr'>splendidis</span> <span class='ocrx_word' id='word_1_146' title='bbox 838 1392 1145 1454; x_wconf 71' lang='lat' dir='ltr'>rationibus,</span> <span class='ocrx_word' id='word_1_147' title='bbox 1166 1391 1246 1442; x_wconf 88' lang='lat' dir='ltr'>sed</span> <span class='ocrx_word' id='word_1_148' title='bbox 1263 1394 1507 1460; x_wconf 83' lang='lat' dir='ltr'>praecipue</span> <span class='ocrx_word' id='word_1_149' title='bbox 1526 1390 1836 1441; x_wconf 78' lang='lat' dir='ltr'>extollentur</span> <span class='ocrx_word' id='word_1_150' title='bbox 1852 1394 1983 1441; x_wconf 82' lang='lat' dir='ltr'>vires</span> <span class='ocrx_word' id='word_1_151' title='bbox 2001 1391 2109 1441; x_wconf 87' lang='lat' dir='ltr'>Re·</span> 
     </span>
     <span class='ocr_line' id='line_1_19' title="bbox 435 1464 2109 1533; baseline -0.001 -18"><span class='ocrx_word' id='word_1_152' title='bbox 435 1469 509 1533; x_wconf 88' lang='lat' dir='ltr'>gis</span> <span class='ocrx_word' id='word_1_153' title='bbox 525 1465 886 1533; x_wconf 81' lang='lat' dir='ltr'>Hispaniarum</span> <span class='ocrx_word' id='word_1_154' title='bbox 900 1507 916 1532; x_wconf 79' lang='lat'>,</span> <span class='ocrx_word' id='word_1_155' title='bbox 933 1468 1019 1532; x_wconf 88' lang='lat' dir='ltr'>qui</span> <span class='ocrx_word' id='word_1_156' title='bbox 1036 1465 1102 1515; x_wconf 81' lang='lat' dir='ltr'>ab</span> <span class='ocrx_word' id='word_1_157' title='bbox 1120 1480 1234 1517; x_wconf 85' lang='lat' dir='ltr'>ortu</span> <span class='ocrx_word' id='word_1_158' title='bbox 1251 1465 1366 1515; x_wconf 90' lang='lat' dir='ltr'>solis</span> <span class='ocrx_word' id='word_1_159' title='bbox 1381 1466 1443 1517; x_wconf 86' lang='lat' dir='ltr'>ad</span> <span class='ocrx_word' id='word_1_160' title='bbox 1458 1464 1689 1516; x_wconf 84' lang='lat' dir='ltr'>occasum</span> <span class='ocrx_word' id='word_1_161' title='bbox 1708 1478 1951 1531; x_wconf 78' lang='lat' dir='ltr'>magnam</span> <span class='ocrx_word' id='word_1_162' title='bbox 1965 1466 2109 1520; x_wconf 83' lang='lat' dir='ltr'>orbis</span> 
     </span>
     <span class='ocr_line' id='line_1_20' title="bbox 437 1537 2105 1608; baseline 0 -17"><span class='ocrx_word' id='word_1_163' title='bbox 437 1555 635 1608; x_wconf 85' lang='lat' dir='ltr'>partem</span> <span class='ocrx_word' id='word_1_164' title='bbox 662 1542 887 1606; x_wconf 90' lang='lat' dir='ltr'>imperio</span> <span class='ocrx_word' id='word_1_165' title='bbox 901 1540 987 1590; x_wconf 87' lang='lat' dir='ltr'>suo</span> <span class='ocrx_word' id='word_1_166' title='bbox 1004 1539 1274 1591; x_wconf 66' lang='lat' dir='ltr'>subiectam</span> <span class='ocrx_word' id='word_1_167' title='bbox 1293 1554 1470 1607; x_wconf 78' lang='lat' dir='ltr'>tenet,</span> <span class='ocrx_word' id='word_1_168' title='bbox 1488 1539 1797 1606; x_wconf 82' lang='lat' dir='ltr'>deprimetur</span> <span class='ocrx_word' id='word_1_169' title='bbox 1824 1537 1980 1590; x_wconf 76' lang='lat' dir='ltr'>vester</span> <span class='ocrx_word' id='word_1_170' title='bbox 2012 1539 2105 1591; x_wconf 85' lang='lat' dir='ltr'>sta-</span> 
     </span>
     <span class='ocr_line' id='line_1_21' title="bbox 438 1611 2110 1681; baseline 0.001 -17"><span class='ocrx_word' id='word_1_171' title='bbox 438 1628 537 1675; x_wconf 68' lang='grc' dir='ltr'>τηε,</span> <span class='ocrx_word' id='word_1_172' title='bbox 557 1615 838 1677; x_wconf 86' lang='lat' dir='ltr'>objicietur</span> <span class='ocrx_word' id='word_1_173' title='bbox 857 1614 1184 1666; x_wconf 76' lang='lat' dir='ltr'>ineluCtabile</span> <span class='ocrx_word' id='word_1_174' title='bbox 1199 1616 1362 1666; x_wconf 89' lang='lat' dir='ltr'>telum</span> <span class='ocrx_word' id='word_1_175' title='bbox 1378 1612 1700 1677; x_wconf 73' lang='lat' dir='ltr'>neceffitati8‚</span> <span class='ocrx_word' id='word_1_176' title='bbox 1734 1614 1869 1681; x_wconf 81' lang='lat' dir='ltr'>quasi</span> <span class='ocrx_word' id='word_1_177' title='bbox 1888 1611 2009 1680; x_wconf 87' lang='lat' dir='ltr'>resp.</span> <span class='ocrx_word' id='word_1_178' title='bbox 2044 1630 2110 1665; x_wconf 89' lang='lat' dir='ltr'>eo</span> 
     </span>
     <span class='ocr_line' id='line_1_22' title="bbox 439 1687 2109 1756; baseline 0.001 -19"><span class='ocrx_word' id='word_1_179' title='bbox 439 1688 729 1754; x_wconf 76' lang='lat' dir='ltr'>angustiart’i</span> <span class='ocrx_word' id='word_1_180' title='bbox 748 1688 944 1739; x_wconf 65' lang='lat' dir='ltr'>redaCta</span> <span class='ocrx_word' id='word_1_181' title='bbox 956 1689 1029 1752; x_wconf 82' lang='lat' dir='ltr'>fit,</span> <span class='ocrx_word' id='word_1_182' title='bbox 1045 1702 1101 1739; x_wconf 92' lang='lat' dir='ltr'>ut</span> <span class='ocrx_word' id='word_1_183' title='bbox 1118 1690 1212 1741; x_wconf 82' lang='lat' dir='ltr'>nisi</span> <span class='ocrx_word' id='word_1_184' title='bbox 1230 1707 1322 1756; x_wconf 89' lang='lat' dir='ltr'>pax</span> <span class='ocrx_word' id='word_1_185' title='bbox 1337 1702 1420 1740; x_wconf 90' lang='lat' dir='ltr'>aut</span> <span class='ocrx_word' id='word_1_186' title='bbox 1438 1688 1656 1739; x_wconf 67' lang='lat' dir='ltr'>induciae</span> <span class='ocrx_word' id='word_1_187' title='bbox 1671 1688 1817 1752; x_wconf 87' lang='lat' dir='ltr'>fiant,</span> <span class='ocrx_word' id='word_1_188' title='bbox 1835 1687 1981 1739; x_wconf 88' lang='lat' dir='ltr'>nullo</span> <span class='ocrx_word' id='word_1_189' title='bbox 1994 1703 2109 1738; x_wconf 89' lang='lat' dir='ltr'>mo-</span> 
     </span>
     <span class='ocr_line' id='line_1_23' title="bbox 440 1760 2110 1830; baseline 0.002 -20"><span class='ocrx_word' id='word_1_190' title='bbox 440 1760 512 1811; x_wconf 86' lang='lat' dir='ltr'>do</span> <span class='ocrx_word' id='word_1_191' title='bbox 534 1762 656 1813; x_wconf 78' lang='lat' dir='ltr'>stare</span> <span class='ocrx_word' id='word_1_192' title='bbox 672 1760 881 1829; x_wconf 78' lang='lat' dir='ltr'>possitis,</span> <span class='ocrx_word' id='word_1_193' title='bbox 907 1767 1034 1830; x_wconf 67' lang='lat' dir='ltr'>Q</span> <span class='ocrx_word' id='word_1_194' title='bbox 1053 1776 1258 1813; x_wconf 88' lang='lat' dir='ltr'>tantum</span> <span class='ocrx_word' id='word_1_195' title='bbox 1277 1764 1418 1813; x_wconf 84' lang='lat' dir='ltr'>abest</span> <span class='ocrx_word' id='word_1_196' title='bbox 1432 1777 1487 1813; x_wconf 90' lang='lat' dir='ltr'>ut</span> <span class='ocrx_word' id='word_1_197' title='bbox 1501 1763 1651 1815; x_wconf 87' lang='lat' dir='ltr'>vobis</span> <span class='ocrx_word' id='word_1_198' title='bbox 1666 1761 1951 1814; x_wconf 74' lang='lat' dir='ltr'>formidin&#39;e‘</span> <span class='ocrx_word' id='word_1_199' title='bbox 1965 1764 2110 1814; x_wconf 91' lang='lat' dir='ltr'>incu-</span> 
     </span>
     <span class='ocr_line' id='line_1_24' title="bbox 443 1835 2110 1904; baseline 0.001 -19"><span class='ocrx_word' id='word_1_200' title='bbox 443 1850 549 1886; x_wconf 86' lang='lat' dir='ltr'>tere</span> <span class='ocrx_word' id='word_1_201' title='bbox 566 1878 579 1898; x_wconf 88' lang='lat'>,</span> <span class='ocrx_word' id='word_1_202' title='bbox 597 1848 680 1886; x_wconf 88' lang='lat' dir='ltr'>aut</span> <span class='ocrx_word' id='word_1_203' title='bbox 697 1836 939 1903; x_wconf 80' lang='lat' dir='ltr'>propositi</span> <span class='ocrx_word' id='word_1_204' title='bbox 957 1835 1622 1888; x_wconf 82' lang='lat' dir='ltr'>constantiamimminuere</span> <span class='ocrx_word' id='word_1_205' title='bbox 1649 1837 1877 1890; x_wconf 87' lang='lat' dir='ltr'>debeant</span> <span class='ocrx_word' id='word_1_206' title='bbox 1892 1877 1907 1901; x_wconf 91' lang='lat'>,</span> <span class='ocrx_word' id='word_1_207' title='bbox 1946 1850 2002 1887; x_wconf 92' lang='lat' dir='ltr'>ut</span> <span class='ocrx_word' id='word_1_208' title='bbox 2016 1852 2110 1904; x_wconf 83' lang='lat' dir='ltr'>po-</span> 
     </span>
     <span class='ocr_line' id='line_1_25' title="bbox 441 1909 2111 1978; baseline 0.002 -20"><span class='ocrx_word' id='word_1_209' title='bbox 441 1911 540 1959; x_wconf 87' lang='lat' dir='ltr'>tius</span> <span class='ocrx_word' id='word_1_210' title='bbox 560 1909 774 1974; x_wconf 86' lang='lat' dir='ltr'>dignum</span> <span class='ocrx_word' id='word_1_211' title='bbox 794 1911 911 1961; x_wconf 89' lang='lat' dir='ltr'>viris</span> <span class='ocrx_word' id='word_1_212' title='bbox 927 1909 1148 1960; x_wconf 80' lang='lat' dir='ltr'>fortibus</span> <span class='ocrx_word' id='word_1_213' title='bbox 1165 1913 1212 1961; x_wconf 77' lang='grc' dir='ltr'>ὃ(</span> <span class='ocrx_word' id='word_1_214' title='bbox 1227 1913 1578 1978; x_wconf 81' lang='lat' dir='ltr'>magnanimis</span> <span class='ocrx_word' id='word_1_215' title='bbox 1596 1911 1693 1962; x_wconf 84' lang='lat' dir='ltr'>effe</span> <span class='ocrx_word' id='word_1_216' title='bbox 1731 1911 1961 1962; x_wconf 85' lang='lat' dir='ltr'>videatur</span> <span class='ocrx_word' id='word_1_217' title='bbox 1979 1952 1994 1974; x_wconf 88' lang='lat'>,</span> <span class='ocrx_word' id='word_1_218' title='bbox 2029 1913 2111 1974; x_wconf 90' lang='lat' dir='ltr'>ju-</span> 
     </span>
     <span class='ocr_line' id='line_1_26' title="bbox 440 1981 2111 2052; baseline 0.001 -20"><span class='ocrx_word' id='word_1_219' title='bbox 440 1983 569 2033; x_wconf 80' lang='lat' dir='ltr'>stam</span> <span class='ocrx_word' id='word_1_220' title='bbox 594 1981 1018 2049; x_wconf 83' lang='lat' dir='ltr'>indignationem</span> <span class='ocrx_word' id='word_1_221' title='bbox 1045 1985 1228 2035; x_wconf 88' lang='lat' dir='ltr'>animo</span> <span class='ocrx_word' id='word_1_222' title='bbox 1256 1987 1551 2052; x_wconf 83' lang='lat' dir='ltr'>concipere,</span> <span class='ocrx_word' id='word_1_223' title='bbox 1571 1984 1761 2037; x_wconf 85' lang='lat' dir='ltr'>&amp;illud</span> <span class='ocrx_word' id='word_1_224' title='bbox 1795 1984 1938 2052; x_wconf 82' lang='lat' dir='ltr'>supra</span> <span class='ocrx_word' id='word_1_225' title='bbox 1965 1984 2111 2036; x_wconf 85' lang='lat' dir='ltr'>sortis</span> 
     </span>
     <span class='ocr_line' id='line_1_27' title="bbox 437 2055 2108 2126; baseline 0.001 -19"><span class='ocrx_word' id='word_1_226' title='bbox 437 2055 675 2108; x_wconf 83' lang='lat' dir='ltr'>humanae</span> <span class='ocrx_word' id='word_1_227' title='bbox 692 2055 1048 2110; x_wconf 82' lang='lat' dir='ltr'>conditionem</span> <span class='ocrx_word' id='word_1_228' title='bbox 1068 2060 1285 2126; x_wconf 81' lang='lat' dir='ltr'>positum</span> <span class='ocrx_word' id='word_1_229' title='bbox 1297 2058 1385 2110; x_wconf 91' lang='lat' dir='ltr'>usu</span> <span class='ocrx_word' id='word_1_230' title='bbox 1403 2058 1618 2112; x_wconf 86' lang='lat' dir='ltr'>vestrum</span> <span class='ocrx_word' id='word_1_231' title='bbox 1646 2060 1806 2111; x_wconf 86' lang='lat' dir='ltr'>facere</span> <span class='ocrx_word' id='word_1_232' title='bbox 1846 2071 1961 2110; x_wconf 77' lang='lat' dir='ltr'>NEC</span> <span class='ocrx_word' id='word_1_233' title='bbox 1998 2070 2108 2116; x_wconf 76' lang='lat' dir='ltr'><strong>SPE,</strong></span> 
     </span>
     <span class='ocr_line' id='line_1_28' title="bbox 439 2131 2111 2203; baseline 0.002 -24"><span class='ocrx_word' id='word_1_234' title='bbox 439 2141 477 2179; x_wconf 85' lang='lat' dir='ltr'>N</span> <span class='ocrx_word' id='word_1_235' title='bbox 489 2143 556 2179; x_wconf 77' lang='lat' dir='ltr'>EC</span> <span class='ocrx_word' id='word_1_236' title='bbox 597 2144 781 2184; x_wconf 73' lang='grc' dir='ltr'><strong>ΜΞτν.</strong></span> <span class='ocrx_word' id='word_1_237' title='bbox 819 2131 977 2184; x_wconf 88' lang='lat' dir='ltr'>Nulla</span> <span class='ocrx_word' id='word_1_238' title='bbox 1006 2133 1074 2184; x_wconf 89' lang='lat' dir='ltr'>est</span> <span class='ocrx_word' id='word_1_239' title='bbox 1090 2135 1344 2185; x_wconf 90' lang='lat' dir='ltr'>minarum</span> <span class='ocrx_word' id='word_1_240' title='bbox 1361 2132 1642 2186; x_wconf 84' lang='lat' dir='ltr'>authoritas</span> <span class='ocrx_word' id='word_1_241' title='bbox 1658 2133 1791 2203; x_wconf 89' lang='lat' dir='ltr'>apud</span> <span class='ocrx_word' id='word_1_242' title='bbox 1805 2134 1997 2185; x_wconf 90' lang='lat' dir='ltr'>liberos</span> <span class='ocrx_word' id='word_1_243' title='bbox 2010 2132 2111 2184; x_wconf 90' lang='lat' dir='ltr'>ho-</span> 
     </span>
     <span class='ocr_line' id='line_1_29' title="bbox 438 2204 2113 2277; baseline -0.001 -21"><span class='ocrx_word' id='word_1_244' title='bbox 438 2206 717 2275; x_wconf 78' lang='lat' dir='ltr'>mine3,qui</span> <span class='ocrx_word' id='word_1_245' title='bbox 730 2218 951 2258; x_wconf 87' lang='lat' dir='ltr'>mortem</span> <span class='ocrx_word' id='word_1_246' title='bbox 967 2204 1192 2261; x_wconf 86' lang='lat' dir='ltr'>servituti</span> <span class='ocrx_word' id='word_1_247' title='bbox 1207 2212 1639 2276; x_wconf 83' lang='lat' dir='ltr'>anteponunt‚qui</span> <span class='ocrx_word' id='word_1_248' title='bbox 1656 2223 1901 2277; x_wconf 88' lang='lat' dir='ltr'>oppetere</span> <span class='ocrx_word' id='word_1_249' title='bbox 1914 2223 2009 2275; x_wconf 89' lang='lat' dir='ltr'>pro</span> <span class='ocrx_word' id='word_1_250' title='bbox 2025 2224 2113 2276; x_wconf 88' lang='lat' dir='ltr'>pa..</span> 
     </span>
     <span class='ocr_line' id='line_1_30' title="bbox 441 2278 2110 2351; baseline 0.004 -23"><span class='ocrx_word' id='word_1_251' title='bbox 441 2281 537 2329; x_wconf 84' lang='lat' dir='ltr'>tria</span> <span class='ocrx_word' id='word_1_252' title='bbox 554 2278 960 2347; x_wconf 86' lang='lat' dir='ltr'>pulcherrimum</span> <span class='ocrx_word' id='word_1_253' title='bbox 975 2287 1244 2349; x_wconf 87' lang='lat' dir='ltr'>augurium</span> <span class='ocrx_word' id='word_1_254' title='bbox 1273 2294 1452 2350; x_wconf 87' lang='lat' dir='ltr'>putant</span> <span class='ocrx_word' id='word_1_255' title='bbox 1469 2324 1482 2344; x_wconf 82' lang='lat'>‚</span> <span class='ocrx_word' id='word_1_256' title='bbox 1502 2282 1695 2333; x_wconf 88' lang='lat' dir='ltr'>nedum</span> <span class='ocrx_word' id='word_1_257' title='bbox 1723 2281 1856 2351; x_wconf 89' lang='lat' dir='ltr'>apud</span> <span class='ocrx_word' id='word_1_258' title='bbox 1888 2281 2110 2334; x_wconf 84' lang='lat' dir='ltr'>heroum</span> 
     </span>
     <span class='ocr_line' id='line_1_31' title="bbox 441 2354 2109 2422; baseline 0.001 -19"><span class='ocrx_word' id='word_1_259' title='bbox 441 2354 666 2420; x_wconf 60' lang='lat' dir='ltr'>peelora,</span> <span class='ocrx_word' id='word_1_260' title='bbox 681 2357 771 2420; x_wconf 86' lang='lat' dir='ltr'>qui</span> <span class='ocrx_word' id='word_1_261' title='bbox 788 2357 968 2408; x_wconf 86' lang='lat' dir='ltr'>virtute</span> <span class='ocrx_word' id='word_1_262' title='bbox 985 2359 1182 2408; x_wconf 87' lang='lat' dir='ltr'>nemini</span> <span class='ocrx_word' id='word_1_263' title='bbox 1199 2356 1404 2420; x_wconf 84' lang='lat' dir='ltr'>cedunt,</span> <span class='ocrx_word' id='word_1_264' title='bbox 1422 2359 1509 2422; x_wconf 88' lang='lat' dir='ltr'>qui</span> <span class='ocrx_word' id='word_1_265' title='bbox 1526 2356 1665 2409; x_wconf 90' lang='lat' dir='ltr'>fama</span> <span class='ocrx_word' id='word_1_266' title='bbox 1682 2358 1911 2408; x_wconf 87' lang='lat' dir='ltr'>nominis</span> <span class='ocrx_word' id='word_1_267' title='bbox 1924 2396 1937 2417; x_wconf 92' lang='lat'>‚</span> <span class='ocrx_word' id='word_1_268' title='bbox 1951 2357 2000 2404; x_wconf 89' lang='lat'>&amp;</span> <span class='ocrx_word' id='word_1_269' title='bbox 2031 2370 2109 2405; x_wconf 88' lang='lat' dir='ltr'>re-</span> 
     </span>
     <span class='ocr_line' id='line_1_32' title="bbox 441 2427 2111 2497; baseline 0.002 -21"><span class='ocrx_word' id='word_1_270' title='bbox 441 2443 558 2477; x_wconf 86' lang='lat' dir='ltr'>rum</span> <span class='ocrx_word' id='word_1_271' title='bbox 573 2428 825 2494; x_wconf 83' lang='lat' dir='ltr'>gestarum</span> <span class='ocrx_word' id='word_1_272' title='bbox 840 2431 1003 2496; x_wconf 85' lang='lat' dir='ltr'>gloria</span> <span class='ocrx_word' id='word_1_273' title='bbox 1015 2434 1174 2482; x_wconf 89' lang='lat' dir='ltr'>maria</span> <span class='ocrx_word' id='word_1_274' title='bbox 1189 2447 1246 2481; x_wconf 85' lang='lat' dir='ltr'>ac</span> <span class='ocrx_word' id='word_1_275' title='bbox 1263 2443 1410 2482; x_wconf 87' lang='lat' dir='ltr'>terras</span> <span class='ocrx_word' id='word_1_276' title='bbox 1423 2432 1784 2497; x_wconf 87' lang='lat' dir='ltr'>impleverunt.</span> <span class='ocrx_word' id='word_1_277' title='bbox 1824 2427 1899 2478; x_wconf 88' lang='lat' dir='ltr'>Sit</span> <span class='ocrx_word' id='word_1_278' title='bbox 1914 2427 2111 2491; x_wconf 84' lang='lat' dir='ltr'>sane‚ut</span> 
     </span>
     <span class='ocr_line' id='line_1_33' title="bbox 441 2499 2108 2569; baseline 0.002 -19"><span class='ocrx_word' id='word_1_279' title='bbox 441 2499 539 2552; x_wconf 80' lang='lat' dir='ltr'>effe</span> <span class='ocrx_word' id='word_1_280' title='bbox 556 2503 694 2553; x_wconf 84' lang='lat' dir='ltr'>ultro</span> <span class='ocrx_word' id='word_1_281' title='bbox 726 2501 975 2569; x_wconf 83' lang='lat' dir='ltr'>fatemur,</span> <span class='ocrx_word' id='word_1_282' title='bbox 993 2507 1233 2557; x_wconf 90' lang='lat' dir='ltr'>omnium</span> <span class='ocrx_word' id='word_1_283' title='bbox 1261 2505 1356 2557; x_wconf 86' lang='lat' dir='ltr'>late</span> <span class='ocrx_word' id='word_1_284' title='bbox 1381 2505 1765 2555; x_wconf 83' lang='lat' dir='ltr'>dominantium</span> <span class='ocrx_word' id='word_1_285' title='bbox 1797 2500 1950 2553; x_wconf 87' lang='lat' dir='ltr'>facile</span> <span class='ocrx_word' id='word_1_286' title='bbox 1967 2504 2108 2568; x_wconf 47' lang='lat' dir='ltr'>prin*</span> 
     </span>
     <span class='ocr_line' id='line_1_34' title="bbox 439 2575 2129 2649; baseline 0.002 -26"><span class='ocrx_word' id='word_1_287' title='bbox 439 2588 556 2645; x_wconf 81' lang='lat' dir='ltr'>ceps</span> <span class='ocrx_word' id='word_1_288' title='bbox 569 2575 831 2648; x_wconf 85' lang='lat' dir='ltr'>Philippus</span> <span class='ocrx_word' id='word_1_289' title='bbox 846 2618 864 2649; x_wconf 78' lang='lat'>,</span> <span class='ocrx_word' id='word_1_290' title='bbox 877 2576 1003 2634; x_wconf 80' lang='lat' dir='ltr'>dum</span> <span class='ocrx_word' id='word_1_291' title='bbox 1027 2579 1149 2634; x_wconf 86' lang='lat' dir='ltr'>sciat</span> <span class='ocrx_word' id='word_1_292' title='bbox 1172 2579 1266 2635; x_wconf 83' lang='lat' dir='ltr'>sibi</span> <span class='ocrx_word' id='word_1_293' title='bbox 1291 2594 1405 2634; x_wconf 81' lang='lat' dir='ltr'>non</span> <span class='ocrx_word' id='word_1_294' title='bbox 1421 2577 1519 2632; x_wconf 81' lang='lat' dir='ltr'>effe</span> <span class='ocrx_word' id='word_1_295' title='bbox 1532 2594 1639 2632; x_wconf 87' lang='lat' dir='ltr'>rem</span> <span class='ocrx_word' id='word_1_296' title='bbox 1661 2592 1777 2631; x_wconf 83' lang='lat' dir='ltr'>cum</span> <span class='ocrx_word' id='word_1_297' title='bbox 1796 2576 2108 2641; x_wconf 81' lang='lat' dir='ltr'>imbellibus,</span> <span class='ocrx_word' id='word_1_298' title='bbox 2124 2611 2129 2617; x_wconf 82' lang='lat'>-</span> 
     </span>
    </p>
   </div>
  </div>
 </body>
</html>
