2284 3132
564 119 914 171 sumet
979 100 1207 170 LIBER
1273 123 1395 171 111.
1766 140 1865 190 149-

172 219 327 274 runt,
364 204 397 258 fi
427 207 724 273 negotiatio
756 208 892 274 pacis
933 220 1117 274 optato
1151 206 1366 257 succcffu
1410 207 1673 259 terminata
1697 207 1814 259 effer
1837 249 1849 260 .

171 281 268 334 Per
291 282 624 332 occasionem
654 281 974 331 induciarum
1008 285 1102 332 erit
1129 282 1282 333 vobis
1308 286 1566 347 integrum
1595 285 1744 332 rebus
1773 300 1850 334 ra·-

136 354 506 422 'tionibusque
554 355 729 407 vestris
777 355 1060 423 prospicere
1098 398 1112 420 ‚
1153 357 1475 406 contraCtum
1523 360 1749 407 alituum
1791 374 1850 407 ais

170 428 439 480 diffolvere
466 470 482 496 ,
520 429 767 497 rempub.
816 431 951 479 recie
980 431 1237 480 moderari
1272 431 1424 480 bonis
1467 432 1664 495 legibus
1691 446 1850 498 atque

170 503 440 568 institutis,
484 505 517 554 fi
545 503 881 554 concordiam
913 506 960 553 δε
989 507 1242 554 unionem
1285 506 1545 554 illibatam
1585 509 1850 557 servaveri-

168 580 260 643 tis,
281 592 430 645 atque
455 593 676 628 omnem
708 576 1074 630 dissensionum
1107 580 1373 628 materiem
1404 578 1850 646 p1·aecic¹.ei·itis‚non

169 653 240 704 cst
274 652 487 703 dubium
522 656 644 718 quin
671 669 729 703 ex
760 643 984 713 induciis
1009 653 1108 719 'pax
1138 652 1236 702 fida
1265 694 1277 715 ‚
1311 671 1405 720 pax
1434 655 1745 703 immortalis
1763 671 1845 703 cx-

169 729 383 778 oriatur.
452 726 612 796 Qod
642 728 677 777 si
712 727 908 776 bellum
941 726 1450 783 rtuiusinssauretnr,
1472 742 1611 777 tanta
1639 743 1729 779 vos
1754 731 1846 777 cir·

172 801 387 852 cumstat
410 804 575 852 moles
601 799 959 850 difficultatum
1004 817 1151 868 atque
1188 801 1648 852 incommodorum
1672 816 1849 864 ‚tauto

133 904 138 910 -
170 874 372 944 provisu
396 910 408 930 ‚
450 889 526 925 tot
553 873 861 924 adiumentis
893 890 1024 940 opus
1059 875 1128 926 est
1157 916 1170 937 ‚
1213 889 1315 924 tam
1353 879 1591 943 impar-ati
1634 876 1741 926 estis
1780 877 1845 927 ab

170 950 358 1017 opibus
388 965 446 998 ac
473 949 701 1012 subtidijs
729 946 789 997 ad
819 964 1067 998 eam·rem
1098 949 1386 1013 neccffarijs
1417 988 1428 1005 ‚
1458 967 1514 999 ut
1552 954 1739 1000 merito
1785 951 1847 1001 fi-

171 1026 349 1075 nitimi
390 1025 559 1090 Reges
601 1026 647 1071 &
689 1022 948 1088 Principes
1000 1023 1349 1074 ministrandis
1376 1024 1658 1091 sumptibus
1687 1039 1844 1091 atque

170 1100 416 1165 :impensis
456 1097 760 1148 remissiores
787 1096 942 1146 futuri
965 1096 1062 1147 sint
1084 1137 1101 1162 ,
1139 1098 1173 1148 si
1191 1115 1279 1164 per
1303 1113 1396 1150 vos
1421 1099 1614 1148 steterit
1636 1103 1844 1164 quomi-

168 1188 268 1224 nus
292 1173 414 1224 tales
442 1172 898 1222 incommoditates
929 1174 1204 1222 evitentur.
1240 1171 1366 1222 Satis
1396 1179 1667 1238 'acceptum
1694 1175 1741 1222 ὃ(
1762 1190 1846 1223 ex-

169 1247 431 1315 ploratum
457 1235 708 1296 habemus
734 1259 841 1293 non
874 1245 1066 1310 placere
1094 1246 1239 1296 vobis
1256 1246 1648 1297 adversariorum
1693 1262 1840 1310 arim,

172 1323 221 1369 ὅ(
251 1317 925 1388 procedendimodum:sed
947 1317 1431 1371 eiusmodioffenfio
1459 1336 1569 1370 non
1600 1320 1747 1371 debet
1764 1322 1848 1372 of-

175 1393 631 1445 ficereluminibus
657 1393 775 1442 redii
803 1391 975 1454 judicii
1008 1433 1021 1454 ‚
1050 1408 1151 1442 nec
1177 1393 1559 1460 impedimento
1591 1393 1684 1445 cfi'e
1720 1398 1845 1462 quin

161 1467 369 1527 seclusis
395 1465 656 1519 affeciibus
684 1465 737 1515 id
766 1466 961 1527 confilij
990 1467 1129 1516 ultro
1157 1469 1363 1534 capiatis
1392 1509 1406 1531 ,
1436 1466 1579 1534 quod
1620 1474 1845 1520 maxime

172 1545 228 1592 in
261 1559 365 1593 rem
394 1542 611 1595 vestram
648 1557 804 1607 exque
828 1540 916 1590 usu
944 1540 1159 1606 publico
1188 1540 1415 1592 futurum
1445 1545 1524 1594 sit.
1565 1543 1689 1592 Non
1708 1544 1844 1595 bene

172 1616 444 1679 deliberat,
476 1631 761 1666 necverum
792 1615 933 1666 videt
962 1617 1161 1666 animus
1193 1617 1570 1683 perturbationi
1612 1618 1840 1668 obnoxi-

171 1705 229 1741 us
247 1709 258 1739 z
277 1693 522 1757 praeeipue
552 1705 723 1740 autem
750 1692 822 1738 ira
847 1729 862 1750 ,
888 1706 998 1755 quae
1021 1706 1132 1740 non
1157 1689 1302 1740 distat
1333 1705 1361 1740 a
1388 1688 1566 1741 furore
1592 1693 1688 1744 nisi
1705 1706 1841 1742 tem-

174 1768 309 1833 poris
338 1767 610 1831 exiguitate
626 1805 639 1826 ,
661 1762 927 1830 pessimum
948 1764 1018 1814 est
1033 1766 1158 1815 refita
1172 1762 1414 1814 suadendi
1431 1765 1841 1817 instrumentum.

173 1843 433 1911 roirca
457 1839 733 1905 sequimini
757 1838 964 1889 consilia
981 1856 1087 1907 quae
1103 1839 1254 1891 vobis
1284 1838 1349 1888 ab
1379 1839 1688 1890 amicissimis
1702 1838 1841 1890 Prin-

173 1914 371 1981 cipibus
405 1913 586 1963 dantur
604 1957 617 1977 ‚
638 1929 860 1981 qnorum
890 1930 1008 1980 erga
1034 1929 1125 1967 vos
1154 1911 1367 1964 studium
1395 1929 1452 1965 ac
1476 1915 1844 1966 benevolenti-

174 2005 260 2038 am
289 1988 563 2038 illustribus
590 1990 915 2040 documentis
942 1990 1137 2057 experti
1164 1988 1305 2053 estis»,
1345 1992 1435 2058 qui
1454 1991 1670 2042 consilio
1689 1991 1843 2041 etiam

174 2063 456 2131 periculum
482 2063 626 2113 suum
645 2060 910 2128 adjiciunt.
940 2064 1077 2116 Nam
1096 2065 1131 2116 si
1150 2063 1211 2115 ad
1239 2082 1379 2116 arma
1393 2065 1550 2116 rursus
1583 2068 1710 2115 itum
1732 2066 1845 2124 erit,

175 2144 382 2205 quivos
423 2138 621 2201 auxilijs
660 2139 946 2206 opibusque
976 2141 1197 2201 juverint
1224 2182 1239 2203 ,
1277 2156 1476 2206 magno
1514 2142 1570 2189 in
1610 2138 1842 2206 periculo

172 2211 505 2264 versabuntur
534 2230 601 2263 ne
634 2213 758 2266 belli
787 2214 1057 2277 tempestas
1081 2216 1136 2266 in
1168 2229 1258 2265 eos
1290 2214 1532 2266 desaeviat.
1611 2213 1727 2262 Haec
1759 2215 1835 2261 in-

176 2286 460 2343 commoda
502 2286 851 2354 circumspeffl
890 2287 1200 2357 Principes,
1240 2291 1327 2354 qni
1367 2289 1596 2338 aciiones
1634 2283 1839 2357 suasad

169 2362 312 2411 teitae
336 2362 549 2410 rationis
585 2377 829 2412 normam
852 2364 1060 2427 exigunt
1086 2379 1144 2414 ac
1172 2362 1513 2413 moderantur
1531 2404 1544 2426 ‚
1575 2362 1724 2412 omui
1744 2359 1844 2408 stu-

178 2433 267 2483 dio
297 2451 355 2484 ac
401 2433 666 2500 diligentia
713 2437 874 2487 vitare
909 2436 1273 2488 consueverunt
1301 2477 1314 2499 ‚
1354 2451 1454 2486 nec
1485 2435 1616 2486 bella
1647 2434 1846 2499 suscipi-

176 2521 273 2558 unt
323 2509 420 2560 nisi
465 2525 625 2574 quum
670 2510 830 2576 longe
867 2512 1037 2571 major
1087 2511 1437 2561 emolumenti
1488 2509 1592 2576 spes
1636 2551 1649 2572 ‚
1686 2521 1845 2576 quam

174 2577 352 2654 damni
369 2597 534 2638 metus
549 2583 968 2651 ostenditur,im0
983 2584 1076 2643 nist
1094 2585 1176 2641 vel
1189 2600 1380 2653 urgens
1393 2582 1657 2639 necessitas
1674 2595 1845 2650 cogar,

1170 2660 1221 2710 T
1299 2676 1320 2718 3
1757 2656 1845 2710 vel.
