2284 3132
427 160 495 210 94
821 135 922 184 DE
979 132 1346 185 movetis
1418 126 1632 179 ssssttt

429 244 542 282 non
560 223 848 289 benignum
865 219 1213 289 cognoscendi
1227 217 1570 282 animum,sed
1588 215 1972 285 implacabilem
1993 233 2118 273 con-

431 298 709 353 demnandi
738 296 980 347 saevitiam
997 295 1162 345 domo
1180 294 1487 344 attulerant?
1533 294 1700 344 Nullo
1720 293 1898 344 colore
1911 296 2003 347 nisi
2031 294 2120 346 ad-

432 375 655 430 modum
678 374 837 439 longe
853 373 1055 439 quaesito
1071 367 1290 420 excusari
1321 367 1482 436 potest
1512 367 1722 419 facilitas
1754 366 1960 419 Caesaris
1975 411 1990 434 ,
2028 371 2121 437 qui

436 448 804 501 conscientiam
824 446 957 497 suam
977 444 1135 512 passus
1154 443 1221 493 est
1240 443 1343 496 alio
1359 442 1507 510 pacto
1538 443 1742 493 liberari
1764 483 1777 505 ‚
1814 459 1969 508 quam
1998 459 2122 512 prae-

438 524 619 575 stando
635 522 774 590 quod
792 520 1105 588 promiserat,
1124 519 1252 568 Non
1270 516 1366 567 fuit
1385 519 1438 566 in
1456 516 1701 582 potestate
1714 518 1872 565 totius
1890 518 2075 568 concili
2083 518 2118 582 j,

436 615 536 651 nec
552 597 841 664 cuiusquam
861 597 1160 644 mortalium
1177 591 1372 643 solvere
1386 596 1491 642 eius
1509 593 1742 641 animum
1762 607 1897 641 nexu
1911 592 2124 658 religio-

439 676 519 726 nis
534 689 642 737 quo
660 672 808 722 sesua
827 672 1007 737 sponte
1024 669 1342 719 devinxerat.
1383 666 1595 720 Etiamsi
1607 663 1789 715 Hussus
1806 664 2123 718 nefariorum
2137 721 2147 725 ⁷

443 751 715 797 criminum
731 744 1030 795 manifestus
1044 740 1209 793 fuisset
1242 758 1350 808 quae
1378 740 1604 791 flammis
1631 740 1902 790 ultricibus
1933 742 2125 808 expiari

444 822 711 872 deberent:
730 836 904 870 tamen
925 816 1259 869 restituendus
1274 830 1379 866 erat
1395 814 1532 867 unde
1549 815 1831 876 venerat,&
1859 817 2124 865 remitten-

445 896 534 946 dus
550 897 610 945 ad
627 895 767 946 suum
786 893 1017 955 iudicem
1035 906 1090 942 ut
1106 893 1163 941 in
1180 907 1297 941 eum
1316 891 1423 957 lege
1458 902 1701 955 ageretur.
1751 888 1956 938 Nullius
1983 891 2124 940 enirn

447 973 740 1038 quamlibet
759 972 943 1036 impuri
961 967 1159 1017 sceleris
1177 979 1419 1032 praetextu
1453 963 1581 1015 fides
1610 963 1814 1030 publica
1841 961 2129 1030 frangenda

452 1047 540 1107 est,
560 1048 652 1097 nifi
673 1060 867 1095 novum
898 1040 1109 1109 aliquod
1127 1039 1323 1089 facinus
1339 1039 1448 1107 post
1465 1054 1575 1089 eam
1593 1040 1923 1106 impetratam
1943 1038 2128 1088 admis-

448 1119 554 1172 sum
577 1121 651 1179 fit,
671 1119 891 1183 ideoque
913 1117 1046 1183 Papa
1066 1114 1321 1165 Iohannes
1354 1126 1514 1164 xxtll
1551 1115 1638 1180 qui
1654 1107 1935 1180 paulopost
1952 1111 2130 1163 Ponti-

450 1194 607 1245 ficatu
628 1195 850 1253 dejectus
868 1191 980 1254 fuit,
998 1205 1158 1257 quum
1178 1190 1279 1239 eius
1295 1187 1520 1255 praelidio
1535 1204 1592 1237 ac
1611 1189 1901 1255 patrocinio
1919 1186 2132 1254 persona

451 1267 613 1325 Huffij
634 1283 811 1317 comm
821 1266 1230 1326 endaretur‚non
1248 1261 1435 1329 absque
1453 1261 1594 1313 causa
1611 1275 1762 1314 voces
1777 1260 1870 1310 has
1899 1262 2131 1327 protulit,

455 1344 670 1403 etiamsi,
691 1344 876 1408 inquit,
892 1353 1197 1408 germanum
1216 1336 1428 1388 fratrem
1446 1333 1756 1388 confodisset
1772 1351 1882 1386 non
1897 1337 2053 1404 patiar
2077 1348 2135 1386 ut

455 1422 543 1486 ipsi
563 1419 649 1469 fiat
669 1420 853 1468 iniuria
873 1414 1113 1482 tantisper
1131 1412 1253 1474 dum
1267 1411 1585 1464 Constantiae
1602 1408 2138 1466 commorabitur.Sed

456 1510 512 1544 ur
531 1512 589 1544 ex
605 1494 721 1542 ae‘tis
736 1504 941 1560 apparet
952 1504 1222 1555 nunquam
1238 1487 1464 1555 legitime
1481 1485 1741 1537 convietus
1757 1483 1963 1535 fuitulla
1980 1484 2140 1536 sacra-

459 1585 571 1619 rum
590 1568 957 1633 Scripturarum
972 1565 1306 1616 authoritate.
1323 1562 1588 1614 Subvertit
1603 1560 1811 1627 optimu
1842 1562 2007 1610 virum
2023 1577 2139 1627 prae-

459 1642 628 1694 valida
650 1641 962 1709 conspiratio
978 1638 1450 1701 adversariorum‚&
1469 1652 1605 1687 error
1619 1636 1688 1684 ita
1704 1633 1947 1687 vetustate
1963 1650 2140 1684 corro-

463 1717 687 1777 bot·atttS‚
704 1732 761 1767 ut
775 1731 917 1767 aures
932 1713 994 1764 ad
1010 1729 1230 1764 omnem
1246 1714 1472 1764 veritatis
1500 1726 1682 1763 vocent
1698 1709 1943 1760 obturatae
1959 1706 2136 1774 essent,

458 1807 491 1842 n
502 1809 560 1842 ec
573 1792 709 1841 oculi
729 1790 860 1840 ferre
878 1787 1075 1854 possent
1092 1789 1259 1838 lucem
1274 1788 1422 1838 verbi
1439 1784 1680 1837 divinitus
1696 1782 2139 1851 inspirati.Deniq;

461 1883 623 1930 quum
636 1864 971 1915 Ecclefiastica
986 1856 1254 1929 progenies
1271 1874 1427 1929 neget
1444 1860 1535 1913 sibi
1549 1859 1620 1910 fas
1637 1858 1734 1910 esse
1746 1860 1989 1925 quenquz'i
2007 1861 2143 1909 occi-

462 1938 725 2006 dere,quid
738 1938 886 1990 causae
903 1937 1092 1987 adferre
1106 1934 1306 2003 possunt
1321 1948 1492 2004 praeter
1505 1934 1737 1984 immane
1757 1934 1976 2001 expledae
1993 1933 2147 1984 ultio-

463 2031 542 2066 nis
563 2013 852 2066 aviditatem
874 2011 1129 2063 dimittere
1145 2013 1274 2080 quin
1291 2009 1452 2060 Caesar
1476 2022 1736 2075 receptum
1763 2011 1817 2058 in
1837 2009 2149 2072 clientelam,

467 2089 720 2140 debuerit.
756 2105 916 2155 quum
933 2086 1148 2138 saeculari
1165 2086 1379 2136 brachio
1394 2082 1603 2139 traditus
1621 2081 1768 2134 effet?
1800 2082 1890 2134 Ab
1905 2083 2004 2134 hac
2033 2098 2149 2134 arce

464 2163 651 2227 dejecti
669 2164 980 2230 confugiunt
997 2161 1059 2211 ad
1077 2161 1212 2212 aliud
1227 2158 1599 2215 diverticulum,
1635 2159 1685 2208 &
1711 2160 1851 2209 aiunt
1878 2156 2151 2211 securitate

468 2240 801 2306 Imperatoria
818 2253 1017 2288 tantum
1036 2238 1261 2287 caveriin
1277 2251 1392 2285 eum
1412 2233 1578 2284 casum
1595 2249 1664 2284 ne
1679 2234 1752 2285 vis
1773 2232 1879 2284 ulla
1904 2232 1990 2283 fiat
2017 2247 2152 2301 quo-

469 2317 640 2364 minus
657 2313 819 2364 libere
836 2311 898 2364 ad
917 2310 1114 2362 causam
1132 2308 1404 2361 dicendam
1423 2311 1759 2373 veniret‚non
1785 2320 1956 2359 autem
1973 2321 2028 2357 ut
2059 2303 2150 2356 ad-

470 2371 640 2441 versiis
655 2402 1015 2439 contumacem
1047 2388 1095 2434 δε
1119 2383 1461 2435 refrastarium
1493 2385 1611 2434 iuris
1641 2380 1896 2433 exsecutio
1928 2379 2148 2432 retarde-

470 2474 552 2512 tur
565 2477 650 2512 aut
666 2464 989 2528 impediatur.
1007 2459 1106 2512 Sed
1123 2461 1433 2510 contrarium
1452 2459 1619 2528 liquet
1633 2473 1693 2507 ex
1705 2455 1870 2507 verbis
1895 2456 2045 2522 ipsius
2071 2471 2152 2506 re-

471 2535 662 2603 scripti,
681 2553 785 2605 quae
803 2534 1043 2588 latissime
1061 2548 1309 2603 concepta
1328 2531 1460 2597 sunt,
1482 2538 1529 2584 ὅ(
1556 2528 1899 2601 plenissimam
1929 2529 2153 2597 potesta-

474 2621 580 2661 tem
597 2613 834 2665 tribuunt
846 2612 1001 2665 eundi
1021 2612 1128 2665 sine
1141 2610 1251 2663 ullo
1268 2623 1498 2676 metu,ac
1511 2604 1777 2661 redeundi.
1818 2608 2039 2662 Vertant
2056 2606 2157 2672 igi-

2065 2691 2152 2735 tur
