2284 3132
628 110 951 163 BELGrot
1015 111 1246 166 mssER
1348 119 1392 168 1.
1800 130 1832 192 *3

166 191 548 263 litatem,utque
564 193 704 247 dictis
719 212 846 248 meis
868 198 1087 262 libertast,
1108 199 1247 265 fide5‚
1264 205 1446 256 veritas
1462 204 1689 276 constet,
1723 215 1835 264 ani-

168 269 385 337 musque
403 272 673 337 contingat
700 288 728 321 a
742 270 905 324 studio
920 274 1135 340 partium
1150 276 1312 343 liber,
1332 281 1380 330 δε
1394 284 1482 331 uni
1501 299 1667 350 aequus
1695 289 1832 340 reeta:

169 343 501 395 conscientiae.

241 424 419 490 Qim
439 435 540 482 iam
558 436 715 487 prope
734 437 825 487 per
853 437 1018 472 annos
1046 424 1381 492 quadraginta
1412 428 1620 495 Belgicae
1651 449 1827 498 gentes

164 494 245 545 vel
268 496 531 545 continuis
558 494 820 545 bellorum
848 498 1072 548 civilium
1093 501 1471 566 tempestatibus
1501 507 1723 571 agitatae,
1743 511 1826 561 vel

161 580 248 633 per
264 567 485 635 speciem
505 569 698 619 tetandi
716 572 814 620 vias
827 572 1257 623 reconciliationis
1292 574 1457 627 saevius
1473 595 1626 643 quam
1647 597 1824 647 aperto

163 638 332 693 Marte
349 642 568 709 vulpinis
584 644 772 694 artibus
787 660 1091 712 oppugnatae
1110 645 1286 697 essent:
1304 650 1511 701 tandem
1531 656 1696 703 multat¹
1713 672 1823 720 gra-

160 729 249 768 ves
262 719 501 783 utrinque
519 717 1094 781 causaeintervenerunt,
1136 737 1222 770 cur
1254 721 1383 773 serio
1410 725 1490 777 vel
1508 726 1569 776 de
1585 744 1825 794 perpetua

157 805 310 855 pace,
351 792 434 842 vel
463 790 753 858 delongisa
780 791 920 858 bello
948 791 1086 853 ferijs
1115 793 1419 847 deliberatio
1451 799 1818 855 institueretur.

157 864 275 916 Rex
289 863 649 934 Hispaniarum
666 868 880 932 ingenio
895 866 1132 933 placidus,
1151 869 1198 917 ὅ(
1225 872 1280 918 in
1300 874 1505 938 gremio
1540 877 1671 940 pacis
1699 876 1819 928 edu.

154 954 415 1003 catu5‚nec
431 942 513 993 sua
526 938 705 1007 sponte
721 940 1023 991 abhorrebat
1040 958 1067 991 a
1083 944 1421 1008 quietioribus
1437 948 1611 998 consili
1620 951 1728 1007 js,&
1746 964 1824 999 tae-

158 1015 249 1064 dio
265 1013 554 1082 sumptuum
569 1030 940 1083 motatumque
961 1014 1196 1081 fatigatus
1212 1017 1482 1070 honestam
1499 1023 1718 1087 aliquam
1746 1041 1820 1073 ra-

136 1091 363 1139 tionem
391 1088 624 1141 velultro
637 1088 991 1157 quaerendam,
1025 1089 1106 1141 vel
1121 1089 1297 1156 sponte
1319 1095 1555 1157 ⁴oblatam
1574 1112 1683 1145 non
1724 1096 1818 1148 effe

160 1163 528 1229 repudiandam
546 1163 834 1227 judicabat,
853 1179 951 1231 qua
964 1162 1105 1216 salvo
1131 1164 1407 1227 Maiestatis
1439 1168 1638 1234 fastigio
1655 1169 1716 1218 ad
1757 1171 1815 1221 fi-

155 1253 276 1289 nem
293 1237 845 1289 totincornmodorum
862 1238 1143 1289 commode
1174 1243 1425 1305 perveniri
1444 1241 1620 1309 poss'et.
1661 1243 1815 1294 Vide-

156 1311 242 1362 bat
256 1314 394 1363 enim
409 1311 685 1362 immensas
704 1328 823 1378 opes
836 1311 1184 1378 nequidquam
1199 1313 1481 1382 absumptas
1518 1358 1531 1380 ‚
1562 1333 1654 1365 nec
1682 1317 1815 1367 aliud

158 1383 397 1437 effectum
412 1385 665 1439 saeviendo
676 1388 730 1436 in
747 1388 880 1439 cives
894 1389 1147 1451 ingenuos
1161 1426 1176 1450 ‚
1194 1386 1347 1451 quam
1365 1403 1417 1438 ut
1434 1392 1644 1456 populus
1669 1408 1815 1443 antea

155 1462 342 1529 quietis
359 1457 727 1511 amantissimus
742 1458 983 1511 diuturno
999 1475 1260 1511 armorum
1276 1460 1362 1511 usu
1395 1466 1520 1512 vires
1543 1464 1646 1513 suas
1661 1466 1814 1513 intel-

152 1535 349 1601 ligeret,
363 1533 504 1601 quod
520 1534 588 1585 est
603 1535 1010 1602 imperitantibus
1022 1537 1245 1584 maxime
1260 1534 1656 1586 formidolosum
1670 1538 1815 1588 ¹Illud

152 1612 309 1660 etiam
323 1608 411 1659 usu
427 1607 634 1660 edoctus
648 1605 819 1659 secum
836 1609 1447 1674 reputabat‚perexiguam
1464 1610 1600 1676 spem
1620 1612 1816 1662 ostendi

155 1682 263 1734 fore
286 1697 585 1750 utunquam
610 1684 759 1734 unitae
787 1682 1064 1735 Provinciae
1080 1682 1255 1732 bellica
1272 1689 1320 1733 vi
1352 1683 1555 1735 domiiae
1582 1685 1644 1734 ad
1671 1700 1814 1736 vete·

154 1774 231 1809 res
249 1755 490 1807 dominos
505 1758 685 1809 reverti
712 1770 1034 1822 cogerentur,
1051 1754 1294 1822 quamdiu
1311 1772 1509 1806 nomen
1541 1757 1665 1808 istud
1688 1775 1738 1808 re
1767 1761 1815 1810 &

153 1831 297 1884 factis
313 1831 731 1898 comprobarent,
746 1832 1107 1895 unionemque
1135 1832 1263 1880 inter
1290 1830 1338 1880 se
1355 1872 1367 1892 ‚
1385 1832 1434 1879 &
1465 1832 1601 1896 pacta
1619 1831 1814 1883 foedera

153 1923 273 1958 cum
289 1908 465 1957 vicinis
481 1904 724 1971 Regibu8‚
742 1921 799 1955 ac
815 1905 1114 1955 Proceribus
1133 1905 1336 1969 Imperi)
1357 1903 1520 1954 saneta
1536 1907 1581 1952 δέ
1595 1905 1812 1955 inviola-

154 1994 205 2033 ta
218 1978 592 2032 conservarent.
608 1978 755 2030 Nihil
770 1980 921 2046 igitur
941 1979 1100 2044 magis
1114 1976 1367 2043 expedire,
1388 1995 1538 2043 quam
1555 1991 1611 2027 ut
1641 1976 1809 2028 dulce-

156 2054 279 2106 dine
299 2056 390 2115 otij
410 2056 638 2121 mitigate
657 2067 863 2104 mentes
882 2054 1129 2120 paulatim
1148 2065 1385 2101 exuerent
1399 2054 1810 2105 inveteratumin

155 2129 408 2196 Hispanos
423 2127 619 2190 odium,
639 2129 688 2176 ὅ(
702 2125 836 2177 forte
853 2123 1109 2195 progressu
1126 2128 1368 2192 temporis
1382 2126 1463 2177 vel
1480 2142 1560 2191 per
1577 2140 1660 2175 mu
1672 2139 1811 2174 tuam

157 2204 725 2265 communicationem,
753 2201 837 2253 vel
862 2218 951 2268 per
976 2200 1283 2250 affinitatum
1315 2201 1680 2250 conventiones
1700 2241 1711 2260 ‚
1754 2211 1811 2248 ut

156 2279 324 2329 multa
349 2274 466 2342 saepe
482 2274 645 2326 adfert
665 2275 941 2326 volvendus
971 2273 1098 2338 dies,
1116 2274 1164 2321 ὃ(
1192 2291 1249 2322 ex
1280 2271 1535 2324 tranverso
1568 2270 1700 2320 casus
1730 2276 1809 2320 in-

158 2364 367 2403 currunt
393 2366 523 2418 quos
548 2351 630 2401 vix
662 2346 841 2400 audeat
868 2352 979 2416 quis
996 2362 1191 2415 optare,
1223 2348 1503 2396 redituram
1531 2343 1809 2410 aliquando

156 2425 368 2477 subditis
382 2423 591 2492 pristinae
610 2422 881 2485 Maiestatis
897 2424 1228 2486 reverentiam
1241 2437 1333 2485 pra:
1359 2417 1555 2468 fastidio
1582 2421 1811 2468 minuto-

161 2517 278 2552 rum
305 2498 636 2567 satraparum.
711 2496 943 2565 Denique
958 2497 991 2549 si
1009 2492 1239 2558 jacienda
1257 2494 1314 2545 sit
1329 2494 1456 2556 alea,
1471 2491 1616 2541 satius
1633 2490 1726 2542 effe
1742 2494 1813 2540 vi-

161 2573 268 2628 deri
281 2575 418 2628 ultro
433 2569 728 2628 concessum
759 2571 903 2641 quod
942 2573 1048 2638 jam
1068 2567 1322 2695 pezzi-itum
1356 2569 1405 2617 δε
1430 2564 1808 2690 αηιίίΐιιηλείὶἷες.

1167 2677 1169 2679 -
1261 2657 1293 2691 2.
1683 2654 1732 2690 rc
1752 2654 1815 2689 n-
