2284 3132
636 123 977 174 ntzroict
1039 126 1267 175 Ltssssn
1333 132 1374 176 1.
1800 143 1853 197 ¹3

178 219 236 272 fis
250 215 514 269 Praesidcm
531 257 542 279 ‚
562 216 816 265 interioris
834 214 1259 282 apudmaximnm
1278 217 1557 269 Henricum
1574 217 1838 271 admissio-

173 297 252 343 nis
269 336 281 354 ,
304 292 512 354 cuiusin
533 290 789 340 obeundis
807 290 969 341 arduis
987 292 1286 341 muneribus
1302 291 1478 356 fidem,
1498 294 1773 356 solertiam,
1791 299 1840 346 &

171 367 588 434 magnitudinem
609 367 773 414 animi
800 367 940 415 nulla
954 382 1185 431 unquam
1204 367 1492 416 obscurabit
1521 368 1744 419 obliviO.
1791 372 1837 420 Is

169 458 330 508 quum
349 440 487 490 fatali
503 438 729 508 quodam
747 454 894 490 motu
909 439 1149 490 concussa·
1163 439 1367 492 fuerunt
1383 443 1675 508 improvida·
1690 460 1838 494 men·

171 529 247 566 tes
265 515 543 565 Gallorum
571 513 633 564 ad
666 515 1025 564 excutiendam
1060 529 1277 565 veterem
1298 533 1409 582 erga
1426 518 1595 582 Reges
1611 517 1722 567 suos
1748 537 1832 569 ve-

168 591 409 639 neratior]
420 605 502 639 em
518 631 532 656 ,
550 591 600 640 vi
616 590 816 650 majore
850 590 985 655 quali
1001 589 1300 654 tempestate
1318 590 1513 639 delatus
1531 590 1599 640 est
1613 594 1665 641 in
1685 596 1832 658 parti-

167 673 261 714 um
278 679 559 715 certamen:
576 662 661 713 sed
676 662 820 729 quod
837 664 920 712 tali
936 678 1173 730 tempore
1187 665 1266 714 vix
1281 663 1346 712 ab
1361 665 1470 713 ullo
1486 667 1690 716 mortali
1725 665 1832 733 spe-

169 739 268 790 rari
284 752 518 806 poterat,
539 738 726 795 rectum
745 735 943 803 semper
963 737 1160 788 clavum
1179 737 1370 799 justitiae
1387 754 1443 788 ae
1459 737 1834 790 moderationis

167 815 338 862 tenuit
352 855 365 876 ,
401 815 638 880 cavitque
666 826 918 879 quantum
934 810 1175 861 humanis
1201 813 1427 873 consilijs
1456 812 1712 881 provideri
1742 830 1832 880 po-

165 887 264 936 tuit
279 928 293 949 ,
308 900 364 937 ut
381 886 561 938 scelera
577 887 743 953 poenis
763 887 1103 952 plec‘terentur
1120 929 1133 950 ,
1152 888 1198 935 ὃ(
1214 902 1280 936 ne
1294 885 1419 952 quid
1433 888 1488 935 in
1508 900 1646 938 tanta
1660 904 1833 938 rerum

165 963 412 1011 omnium
430 961 816 1028 perturbatione
833 962 1244 1012 committeretur
1279 1001 1294 1026 ,
1314 959 1454 1027 quod
1472 964 1620 1012 venia
1637 964 1683 1010 ὃ(
1698 963 1832 1012 obli-

165 1034 493 1087 vionesanari
522 1052 634 1085 non
652 1033 827 1101 posset,
849 1035 1095 1101 quodque
1111 1050 1325 1084 omnem
1346 1035 1582 1084 ineundae
1604 1052 1830 1087 reconci-

164 1109 396 1160 liationis
411 1109 602 1160 aditum
621 1109 997 1160 intercluderet.
1031 1110 1143 1159 Nec
1162 1124 1285 1160 vero
1301 1124 1350 1157 tu
1371 1108 1605 1171 filenduS,
1625 1122 1709 1159 aut
1726 1111 1832 1160 fine

166 1199 288 1234 cura
306 1184 551 1234 dicendus
571 1199 622 1234 es
638 1225 651 1246 ,
673 1184 965 1244 Brizanvau,
984 1184 1131 1251 siqua
1151 1199 1268 1232 cura
1286 1182 1427 1232 restat
1443 1182 1637 1249 sepultis
1652 1199 1832 1234 eorum

121 1315 131 1323 ,
163 1274 273 1323 quae
297 1263 352 1309 in
372 1260 505 1308 terris
520 1271 765 1325 geruntur
779 1301 790 1321 ‚
809 1275 961 1323 quem
981 1272 1127 1308 antea
1143 1255 1465 1324 perfut]&um
1485 1259 1719 1306 maximis
1739 1255 1837 1308 ho-

161 1332 395 1395 noribuS,
416 1334 464 1382 &
479 1349 537 1382 ex
558 1331 858 1382 ambitionis
873 1332 1308 1398 occupationibus
1325 1333 1379 1379 in
1397 1330 1573 1380 otiosae
1602 1330 1826 1396 dignita-

164 1408 229 1456 tis
256 1421 407 1472 portu
437 1405 788 1473 quiescentem
810 1406 1025 1472 Magnus
1042 1406 1294 1455 Henrieus
1310 1402 1505 1454 blando
1522 1407 1764 1470 imperio,
1785 1407 1839 1455 «Sc

159 1482 327 1532 amica
343 1483 390 1533 vi
408 1481 624 1547 perpulit
638 1521 650 1542 ,
670 1494 725 1530 ut
743 1480 882 1530 hunc
899 1494 1184 1532 extremum
1201 1479 1435 1528 laborem
1464 1476 1711 1527 Francico
1735 1495 1833 1529 no-

158 1556 293 1604 mini
312 1567 466 1621 atque
486 1554 677 1604 honori
693 1553 947 1606 devovere
961 1571 1029 1604 ne
1042 1555 1337 1621 gravareriS,
1362 1566 1574 1620 propter
1603 1553 1830 1602 exaCtam

157 1644 323 1679 rerum
356 1629 675 1695 Belgiearum
703 1631 1067 1695 experientiam
1086 1671 1099 1692 ,
1133 1643 1290 1693 quam
1319 1626 1552 1677 diuturna
1580 1626 1836 1691 legatione

160 1703 504 1767 consequutus
519 1718 625 1752 eras
640 1743 652 1764 ,
675 1703 722 1750 δε
737 1705 854 1769 quia
867 1701 1201 1768 gratissimam
1234 1703 1305 1750 tui
1335 1702 1642 1750 memoriam
1661 1701 1713 1748 in
1734 1699 1833 1749 Or-

161 1775 338 1827 dinum
356 1776 620 1826 mentibus
647 1774 910 1827 defixeras.
946 1776 1151 1827 Tertius
1178 1775 1321 1825 huius
1358 1773 1555 1823 ordinis
1585 1786 1690 1822 erat
1703 1774 1836 1824 Elias

159 1849 288 1901 dela
307 1850 454 1901 Place
474 1852 738 1901 Dominus
757 1850 819 1901 de
837 1848 1013 1916 Roissy
1027 1867 1141 1901 non
1156 1848 1394 1916 indignus
1412 1849 1614 1913 collega
1631 1848 1832 1914 praecla-

158 1940 220 1974 ro
236 1925 332 1976 isto
364 1928 705 1977 triumviratu.
747 1926 814 1976 Hi
842 1939 898 1976 ut
918 1924 1153 1991 Haghat‘n
1186 1923 1692 1986 advenerunt,paucis
1718 1921 1832 1986 post

157 1998 342 2049 diebus
360 2003 415 2049 in
436 1998 661 2049 conseffu
681 1999 945 2051 Ordinum
976 2001 1132 2050 verba
1160 1997 1414 2060 fecerunt,
1433 1996 1617 2061 quibus
1633 1993 1828 2045 summa

160 2089 280 2124 cum
308 2073 545 2124 facundia
576 2088 1060 2124 commemorarunt
1078 2116 1089 2137 ,
1123 2076 1169 2123 ὅ(
1199 2071 1426 2123 laudibus
1455 2068 1590 2120 haud
1614 2070 1829 2120 vanisin

158 2149 355 2216 coelum
373 2149 663 2199 extulerunt
682 2150 835 2215 Regis
852 2148 920 2199 sui
939 2165 1055 2214 erga
1069 2147 1200 2215 ipsos
1218 2148 1516 2207 amicitiam,
1535 2159 1592 2192 ac
1610 2143 1829 2208 singula·

160 2238 273 2275 rem
291 2223 705 2274 benevolentiam
723 2240 831 2273 non
849 2222 1160 2273 adumbratis
1174 2223 1325 2287 lignis
1341 2263 1353 2283 ‚
1371 2232 1454 2270 aut
1479 2219 1617 2267 inani
1638 2218 1825 2278 ’‘astan-

160 2300 230 2349 tia
247 2295 490 2359 fucatam,
511 2295 591 2345 sed
604 2300 751 2348 omni
769 2313 959 2363 genere
978 2296 1271 2346 officiorum
1287 2337 1299 2357 ‚
1326 2295 1558 2360 largitate
1576 2289 1821 2340 subsidio-

160 2389 275 2424 rum
295 2375 341 2422 &
356 2384 744 2422 commeatuum
765 2414 777 2434 ‚
793 2371 1038 2437 rebusque
1052 2387 1108 2421 ac
1122 2369 1262 2419 faffis
1280 2362 1663 2417 cumulatissime
1680 2378 1822 2412 com·—

161 2446 457 2516 probatam.
489 2451 613 2515 Qae
628 2463 790 2511 quum
819 2446 948 2495 nulli
966 2436 1827 2503 sintobscura,lenitetoffendiRe-

163 2537 303 2588 gem,
319 2534 374 2571 ut
395 2522 685 2587 benignum
703 2533 899 2588 patrem
917 2518 1083 2575 decet,
1114 2516 1255 2584 quod
1286 2514 1333 2565 se
1364 2530 1474 2564 non
1504 2512 1738 2563 adhibito
1769 2512 1825 2557 in

165 2596 439 2650 consilium
455 2594 690 2646 inducias
709 2610 827 2646 cum
846 2593 990 2646 hoste
1011 2588 1330 2662 pepigissent.
1364 2589 1570 2639 Tamen
1591 2581 1823 2648 Maiesta-

1124 2666 1163 2715 Β
1240 2681 1261 2722 3
1715 2669 1824 2705 tem
