2284 3132
607 133 943 189 BELGICI
998 137 1220 190 LIBER
1253 140 1344 190 11.
1782 146 1854 200 82·

162 226 461 281 viciuorum
476 220 738 291 speciosius
752 223 916 277 videri
935 223 1100 289 debet,
1120 243 1274 293 quam
1304 227 1341 280 fi
1358 224 1707 283 disertioribus
1735 249 1849 287 ver-

168 297 611 369 bisfignificarent
628 298 885 362 adversarii
906 298 949 350 se
968 301 1126 351 nobis
1164 304 1218 351 in
1237 316 1538 369 perpetuum
1564 305 1750 358 cedere
1799 310 1850 360 ὃς

161 378 420 444 resignare
437 376 618 424 omnia
634 376 983 439 jura,nomina
1001 377 1046 424 ὃς
1064 375 1329 442 obsequia,
1348 379 1532 445 quibus
1559 394 1704 431 antea
1735 384 1840 435 Au-

159 451 343 502 striacae
358 449 540 498 domui
558 447 1008 500 dcvinstieramuS.
1026 451 1164 500 Nam.
1180 451 1283 501 hoc
1308 453 1450 518 pasto
1470 453 1715 505 libertatis
1742 473 1839 507 no-

154 525 261 576 strae
275 525 445 575 titulus
458 525 711 589 originem
729 525 871 574 suam
887 539 1087 590 caperet
1102 524 1167 575 ab
1184 541 1367 575 eorum
1387 527 1760 584 beneficio‚nec
1774 530 1838 582 ad

154 598 437 666 retrogesta
453 600 559 650 vim
578 596 715 648 suam
735 598 1050 649 extenderet.
1091 599 1203 648 Nos
1217 615 1381 650 autem
1410 601 1618 667 publico
1648 620 1756 663 jure
1789 608 1839 658 δε

149 671 459 727 sacratarum
487 674 660 740 legum
679 673 989 723 authoritate
1006 673 1204 725 causam
1221 675 1442 724 nostram
1463 680 1715 729 munitam
1730 678 1826 732 effe

148 748 394 810 dicimu5,
413 763 509 799 nec
527 742 746 813 pendere
762 748 827 797 ab
844 749 1018 798 alieno
1034 746 1282 799 conceffii.
1333 749 1455 800 Non
1489 753 1629 800 enim
1654 754 1702 801 in
1712 753 1826 804 fini·-

142 835 262 893 ⁴tam
279 822 575 888 potestatem
603 820 895 889 permissam
907 820 1001 872 effe
1020 823 1335 890 principibus
1363 825 1414 872 in
1439 825 1612 889 Belgas
1644 868 1651 879 ,
1675 842 1730 876 ut
1761 830 1826 891 ijs

150 898 404 965 quibello
418 897 557 949 vistis
572 896 711 963 leges
739 913 829 963 pro
857 896 1101 948 arbitratu
1119 900 1187 946 im
1198 914 1399 963 ponunt
1421 925 1433 961 3
1468 898 1550 949 sed
1580 900 1826 969 adstringi

153 974 302 1023 certis
320 972 710 1040 privilegiorum
728 987 784 1021 ac
805 973 992 1021 rituum
1015 970 1267 1035 formum,
1288 990 1314 1020 a
1331 974 1514 1038 quibus
1533 976 1565 1025 si
1601 975 1822 1042 recedat,

147 1061 252 1097 nec
266 1046 685 1100 monitimeliora
702 1044 974 1112 sequantur
991 1088 1004 1108 ,
1020 1059 1140 1097 tunc
1169 1046 1432 1097 Ordinum
1465 1048 1520 1097 sit
1552 1049 1821 1113 providere

141 1135 204 1173 ut
220 1121 340 1188 resp.
357 1120 496 1171 bene
511 1118 1028 1171 administretur.Hoc
1041 1118 1386 1171 fundamento
1404 1123 1501 1171 niti
1521 1122 1819 1176 libertatem

144 1195 375 1247 nostram
391 1193 647 1245 afferimus
665 1233 677 1255 ,
693 1209 793 1243 nec
810 1194 914 1244 sine
930 1207 1053 1243 nota
1071 1196 1487 1261 praevaricationis
1514 1196 1672 1250 alium
1704 1200 1820 1250 titu-

142 1271 256 1322 lum
274 1270 468 1320 ambire
482 1267 748 1318 debemus:
765 1268 956 1334 alioqui
985 1269 1205 1318 multum
1236 1268 1451 1320 decedet
1480 1268 1538 1319 de
1561 1271 1710 1322 causae
1725 1288 1816 1339 pu—

142 1345 286 1395 blica:
302 1343 570 1410 dignitate,
591 1343 627 1394 fi
643 1339 960 1393 fiduciarium
979 1344 1056 1404 jus
1074 1342 1136 1392 ad
1151 1343 1254 1393 hoc
1267 1341 1418 1409 usque
1432 1357 1631 1411 tempus
1651 1345 1814 1398 habu·

136 1417 228 1471 isse
243 1417 560 1469 censeamur.
597 1415 734 1484 Qd
753 1414 895 1482 quod
912 1419 1180 1468 communi
1196 1420 1446 1484 opinione
1475 1419 1808 1484 prudentium

139 1506 409 1557 receptum
442 1492 511 1543 est
538 1493 648 1543 iura
682 1490 956 1542 Maiestatis
975 1493 1028 1540 in
1055 1491 1319 1557 posterort‘i
1339 1491 1684 1557 pi·aeit1diciun1
1713 1511 1811 1547 nec

135 1567 366 1631 cedi,nec
382 1567 492 1617 ullo
508 1568 834 1633 quantumvis
848 1562 1150 1632 longissimo
1165 1569 1406 1632 temporis
1423 1567 1582 1634 spatio
1599 1568 1810 1634 praescri-

138 1643 189 1693 bi
207 1638 371 1708 poffe?
407 1643 579 1707 Reges
596 1644 734 1691 enim
751 1641 954 1707 pupillis
967 1655 1326 1708 comparantur
1339 1644 1390 1690 in
1410 1641 1804 1693 administratio-

135 1732 205 1767 ne
225 1730 404 1767 eorum
422 1731 529 1781 qua:
558 1714 620 1765 ad
639 1715 819 1765 statum
848 1716 1050 1781 imperii
1084 1717 1369 1780 pertinent,
1392 1718 1439 1765 &
1471 1718 1521 1765 in
1542 1718 1803 1783 integrum

139 1791 477 1843 restituuntur
495 1790 529 1841 fi
543 1787 665 1857 quid
689 1805 953 1855 perperam
993 1789 1284 1839 alienat-int.
1364 1790 1588 1839 Tutores
1600 1795 1738 1841 enim
1756 1793 1805 1842 &

139 1864 428 1934 depositarii
449 1862 560 1915 sunt
578 1863 791 1930 publicae
806 1861 993 1924 salutiS,
1010 1877 1067 1913 ut
1086 1879 1189 1913 rem
1208 1864 1381 1931 populi
1401 1862 1584 1916 salvam
1604 1863 1711 1916 fore
1727 1907 1739 1929 ‚
1756 1868 1815 1919 &-

140 1957 252 1992 non
271 1938 502 1991 eversum
519 1940 577 1997 iri
595 1951 867 2005 procurent
883 1953 941 1988 ac
971 1936 1259 2005 spondeant
1289 1975 1302 1993 ,
1318 1952 1374 1988 ut
1403 1938 1684 2005 depositum
1719 1956 1805 1991 cu-

140 2014 365 2066 stodiant
383 2055 394 2075 ‚
415 2020 527 2062 non
552 2026 606 2062 ut
635 2014 984 2063 intervertant.
1066 2014 1208 2084 Qu
1234 2015 1281 2062 ὃ(
1308 2013 1544 2063 amabilis
1566 2014 1653 2063 ille
1670 2030 1805 2067 error

137 2089 385 2160 plerisque
399 2086 675 2138 Caesaribus
687 2086 879 2136 utiliter
894 2084 1088 2150 insedit,
1105 2091 1226 2137 ideo
1241 2086 1290 2138 se
1306 2085 1560 2153 Augustos
1585 2089 1805 2154 appella..

137 2167 178 2218 ri
195 2163 338 2231 quod
355 2164 632 2229 imperium
647 2174 830 2225 augere
848 2159 1098 2225 debeant,
1120 2179 1231 2212 non
1253 2164 1562 2212 imminuere
1588 2176 1686 2212 nec
1713 2162 1800 2214 de-

137 2239 362 2289 bilitare.
381 2235 487 2287 Aut
502 2237 650 2302 igitur
666 2234 858 2300 prorsus
874 2234 1190 2286 excludenda
1205 2236 1301 2286 fuit
1315 2237 1486 2286 omnis
1503 2234 1566 2285 de
1584 2251 1703 2302 pace
1721 2237 1802 2288 vel

137 2311 357 2372 induciis
372 2310 779 2377 disceptati0‚aut
794 2325 858 2359 eo
875 2313 1107 2360 contenti
1123 2309 1218 2360 effe
1237 2309 1504 2372 debemm,
1525 2310 1666 2377 qnod
1683 2327 1798 2360 mo-

137 2403 193 2439 re
206 2389 466 2438 maiorum
483 2429 494 2448 ,
512 2382 655 2452 quod
669 2385 919 2434 incolumi
937 2386 1143 2452 Regum
1162 2383 1426 2445 Maiestate
1443 2425 1458 2449 ‚
1493 2384 1633 2449 quod
1661 2383 1800 2437 salvo

137 2463 249 2525 jure
262 2460 502 2527 salvisque
516 2459 712 2525 legibus
727 2458 936 2510 concedi
952 2459 1407 2526 potestHocpaClo
1423 2461 1568 2509 iatius
1583 2460 1652 2509 est
1667 2475 1692 2508 a
1708 2474 1798 2508 vo-

138 2535 369 2587 lentibus
384 2536 626 2585 obtinere
642 2537 862 2594 minam,
879 2550 1031 2601 qnam
1061 2534 1310 2583 talentum
1338 2549 1424 2598 per
1452 2536 1797 2599 importunam

137 2610 591 2679 efflagitationeni.
640 2609 713 2662 Ex
727 2609 953 2662 formula
967 2606 1162 2660 fiduciae
1176 2622 1309 2659 mter
1325 2608 1496 2660 bonos
1515 2608 1644 2658 bene
1662 2607 1801 2671 agier

880 2702 883 2705 ·
1212 2680 1261 2734 L
1605 2690 1808 2750 oportet
