2284 3132
574 129 914 182 emmer
975 129 1203 183 tmen
1283 130 1332 185 1:
1760 134 1830 202 ’ῃ

153 218 368 275 feudum
387 213 665 283 deductum
685 240 711 273 a
727 220 899 275 saneto
915 222 1142 289 Imperio
1162 263 1175 287 ,
1196 218 1636 291 quemadmodum
1669 240 1728 279 ex
1746 243 1823 279 ar-

153 297 314 349 chivis
329 296 514 361 Imperi
519 297 533 359 j
552 333 564 352 ‚
581 313 640 347 ex
657 297 1456 367 actibusinvestiturae‚n1ultisque
1472 300 1688 366 publicis
1707 317 1824 352 mo-

150 386 278 423 num
287 371 415 422 entis
429 384 518 420 om
528 372 581 421 ni
599 375 900 440 exceptione
915 372 1197 430 maioribus
1210 374 1415 441 liquido
1432 377 1821 440 apparet.Etiam

152 450 308 514 atque
326 445 477 494 etiam
497 445 935 497 considerandum
951 445 1048 497 effe
1061 446 1366 510 Ordinibus»,
1385 447 1518 497 nihil
1533 451 1588 498 in
1619 452 1707 500 tali
1729 469 1820 503 ne-

152 521 502 586 gotiotentari
520 534 606 570 aut
622 522 863 572 innovari
877 520 1014 586 poffc
1032 521 1219 589 absque
1245 521 1455 572 scientia
1482 563 1495 583 ,
1517 524 1755 577 consensu
1774 529 1823 579 ὅτ.

152 593 464 644 authoritate
481 593 699 655 CaesariS,
714 598 796 662 qui
816 596 883 647 est
900 598 1115 663 capim&
1131 596 1390 662 supremus
1407 596 1547 646 feudi
1563 598 1822 652 dominus,

152 665 592 735 qutridigitur
605 668 740 719 secus
757 669 999 732 fecissent,
1017 672 1214 722 irritum
1249 670 1531 737 nulliusque
1559 677 1821 724 momenti

150 741 280 806 fore,
297 740 577 793 secundum
595 759 653 792 ea
670 760 776 811 quae
790 745 904 810 lege
924 742 1186 794 fidelitatis
1201 786 1214 806 ‚
1234 746 1280 792 ὅ(
1297 749 1402 805 jure
1429 751 1696 797 communi
1712 748 1821 799 feu-

153 816 339 866 dorum
365 813 673 867 sanciuntur.
709 816 905 868 Idcirco
918 834 1100 884 cupere
1118 818 1161 868 se
1180 821 1448 868 certiorem
1481 820 1585 870 fieri
1612 838 1717 888 quo
1743 824 1818 872 lo-

155 907 219 940 co
237 906 314 940 res
330 891 419 944 fita
435 890 563 956 fit‚&
580 892 843 958 quousque
861 895 964 955 jam
983 890 1134 942 essent
1155 891 1484 960 progreffi‚ne
1499 894 1621 960 quid
1636 895 1726 945 suo
1745 898 1819 957 ju·

153 967 196 1016 ri
213 964 404 1015 fraudis
418 963 521 1028 fiat,
542 981 639 1015 neu
657 967 781 1032 quid
808 968 1006 1034 imperij
1036 966 1282 1028 majestati
1310 967 1616 1020 detrahatur.
1667 969 1819 1020 Multi

64 1041 67 1046 ’
98 1060 103 1066 *v
153 1037 303 1090 hasce
319 1040 486 1090 literas
503 1056 570 1090 eo
588 1041 802 1093 consilio
819 1041 1018 1108 scriptas
1038 1083 1050 1104 ‚
1071 1043 1119 1090 ὅ(
1134 1039 1425 1091 Ordinibus
1440 1041 1647 1094 traditas
1673 1042 1820 1094 fuiss'e

155 1114 387 1164 arbitrati
404 1112 516 1164 sunt
532 1155 547 1180 ,
563 1128 620 1164 ut
639 1115 954 1182 quandoque
971 1113 1085 1166 data
1099 1115 1370 1167 occasione
1389 1115 1614 1181 prodesse
1631 1116 1822 1184 possent

92 1185 95 1195 ¹
155 1186 221 1237 ad
238 1187 540 1240 elevandam
560 1192 666 1240 vim
684 1193 731 1239 ὃ(
747 1191 1116 1259 authoritatem
1131 1192 1370 1239 omnium
1400 1207 1505 1257 quae
1537 1205 1716 1240 contra
1742 1193 1820 1242 vel

154 1262 210 1310 in
225 1261 462 1312 fraudem
478 1263 783 1324 ejuscemodi
815 1263 1217 1315 denuntiationis
1245 1263 1377 1328 gesta
1407 1262 1576 1314 effent.
1615 1265 1822 1316 Poterat

155 1337 315 1386 etiam
328 1336 487 1389 videri
503 1337 634 1387 istud
648 1337 780 1389 fastu
797 1355 904 1388 non
923 1337 1111 1403 absque
1128 1339 1343 1388 consilio
1361 1340 1407 1386 ὅ(
1422 1339 1702 1390 collusione
1719 1340 1820 1390 Re-
1845 1341 2004 1389 Postridie
2053 1398 2058 1403 p

156 1412 231 1476 gis
249 1410 538 1462 Catholici.
555 1409 870 1478 Responsum
891 1413 961 1463 est
977 1414 1040 1461 ab
1055 1410 1344 1461 Ordinibus
1362 1414 1415 1460 in
1435 1411 1569 1462 hanc
1587 1426 1671 1463 aut
1687 1415 1819 1465 fimi-
1844 1399 2057 1492 {alalo‘laelmae

152 1484 260 1534 lem
277 1484 806 1538 sententiarum-Mirum
825 1488 915 1539 sibi
932 1485 1090 1536 v1deri
1107 1484 1351 1535 Caesarem
1373 1502 1466 1535 nec
1482 1503 1510 1536 a
1526 1489 1822 1554 propinquo
1846 1520 1872 1547 c
1899 1468 2025 1550 vm?

155 1557 247 1609 suo
276 1561 428 1626 Rege
453 1560 811 1628 Hispaniarum
847 1604 859 1625 ‚
881 1576 981 1611 nec
1006 1577 1033 1611 a
1062 1576 1313 1626 germano
1332 1560 1483 1611 fratrc
1516 1559 1734 1617 Alberto
1749 1562 1822 1612 fa-
2001 1559 2011 1563 ”

151 1634 288 1683 &um
317 1633 460 1685 fuisse
489 1638 764 1688 certiorem
803 1635 862 1686 de
890 1635 1040 1685 rebus
1075 1651 1180 1700 quae
1204 1637 1257 1683 in
1298 1636 1475 1700 Belgio
1510 1649 1823 1699 gererentur.

153 1707 317 1775 Qod
334 1707 591 1774 sisciffent‚
608 1709 744 1760 haud
759 1708 1093 1761 erantofficio
1111 1707 1337 1759 defuturi
1362 1711 1487 1775 quin
1506 1724 1622 1757 eum
1639 1711 1822 1759 certio-

155 1799 265 1832 rem
280 1781 571 1834 redderent.
611 1785 728 1833 Hoc
745 1800 868 1834 vero
885 1784 1082 1833 nemini
1112 1781 1208 1832 esse
1236 1785 1492 1848 ignarum,
1513 1785 1635 1848 quin
1652 1782 1822 1851 saepius

159 1858 226 1908 ab
245 1855 488 1924 oppressis
504 1859 726 1925 Hispana
744 1856 1106 1908 dominatione
1123 1857 1285 1922 Belgis
1299 1854 1475 1906 frustra
1492 1858 1560 1905 im
1569 1857 1824 1937 pltffirtum

155 1933 215 1984 sit
231 1933 478 1982 auxilium
495 1934 695 2000 imperij
717 1933 1048 1999 Caesareaeque
1065 1930 1358 1992 MajestatiS,
1381 1932 1535 1980 etiam
1555 1939 1827 1997 antequam

158 2005 426 2056 Archidux
456 2005 701 2057 Matthias
726 2006 871 2057 rebus
910 2002 1317 2056 administrandis
1350 2002 1546 2070 praeess'e
1580 2002 1827 2070 coepisset.
1868 2033 1871 2036 ,

157 2081 276 2132 Nec
292 2079 538 2130 Caesarem
557 2081 711 2131 latere
724 2093 1080 2148 poterantquae
1097 2078 1145 2128 se
1160 2079 1376 2128 authore
1402 2079 1449 2125 δε
1464 2077 1721 2146 sequestro
1738 2095 1824 2144 ge·
1851 2120 1930 2159 ch
1955 2121 2006 2161 10

160 2155 229 2206 sta
242 2153 396 2206 effent
412 2155 650 2204 Colonia:
666 2155 978 2222 Agrippinae,
997 2168 1156 2221 quum
1175 2164 1498 2203 tentarentur
1527 2155 1616 2204 viae
1644 2168 1815 2202 recon-
1851 2186 2014 2218 Lxxxx,

159 2228 366 2283 ciliandi
384 2227 607 2279 subditos
623 2244 743 2280 cum
759 2231 909 2295 Rege
924 2228 1278 2295 Hispaniarum
1300 2265 1310 2275 .
1350 2224 1501 2275 Nihil
1526 2228 1664 2276 enim
1686 2224 1823 2275 aliud
2002 2224 2013 2231 ”

162 2305 329 2356 astum
351 2305 733 2370 perimaginem
748 2304 984 2354 ineundae
998 2301 1385 2367 compositionis
1400 2342 1411 2364 ‚
1434 2316 1590 2366 quam
1619 2313 1673 2349 ut
1689 2313 1823 2348 tem-

162 2394 256 2447 pus
270 2376 627 2432 redimeretur,
650 2376 1447 2445 intereapraeterfluebantrerum
1487 2374 1616 2423 bene
1644 2389 1824 2438 geren-

166 2452 342 2505 darum
374 2447 1622 2520 oportunitates‚primarianobilitaslargitionibus
1639 2462 1696 2496 ac
1711 2463 1828 2513 pro-

139 2523 141 2525 ’
163 2526 321 2578 missis
334 2525 726 2578 labefaetabatur
750 2544 839 2595 per
856 2526 1173 2578 administros
1188 2524 1324 2592 pacis
1340 2564 1353 2585 ‚
1379 2522 1461 2572 vel
1479 2523 1650 2589 potius
1681 2518 1849 2570 emis--

165 2601 319 2656 farios
332 2598 614 2671 Hispanicae
641 2601 900 2660 factionis,
931 2601 1077 2655 urbes
1103 2603 1150 2651 ἃ
1180 2598 1450 2722 Ρῑοὲιίῃείεε
1478 2594 1832 2676 delinimentis

1336 2709 1339 2712 »
1673 2681 1833 2721 venia:
