2284 3132
210 2054 321 2096 nimbi
357 2057 420 2092 Fe-

212 2112 323 2153 eruar
332 2138 343 2150 .

410 124 505 168 62.
796 116 897 164 DE
976 112 1355 169 INDVCIIS
1420 113 1652 165 BELLI

417 209 623 273 Regum
641 204 688 253 ὃ(
706 204 927 271 exempli
941 203 1319 272 contagionem
1338 201 1534 271 serpere
1551 202 1693 273 posse
1723 205 1781 257 in
1809 202 2100 273 perniciem

422 283 644 333 aliorum
656 278 721 329 ‚Si
738 279 881 328 bello
895 277 1147 346 subiugati
1160 277 1311 330 effent
1332 277 1755 343 Archiduce8‚aut
1770 279 2004 345 legitimo
2021 281 2098 329 iu-

419 357 557 405 dicio
573 353 796 404 conviffi
810 354 858 402 δε
872 352 1340 415 condemnati,non
1353 351 1485 419 potse
1498 354 1788 404 acerbiores
1804 352 2103 403 coditiones

421 430 561 482 vistis
578 430 645 479 im
654 428 995 495 perari.Nunc
1013 426 1164 477 eosde
1178 425 1269 478 esse
1285 429 1333 475 &
1347 427 1732 492 accusatore5‚&
1749 424 2102 495 reos‚&(quod

421 518 642 569 utroque
657 502 885 553 iniustius
902 502 988 569 est)
998 501 1163 552 sedere
1178 500 1367 552 iudices
1381 503 1435 549 in
1451 503 1650 567 propria
1664 499 1991 568 causa,deque
2007 501 2103 552 suis

423 580 560 629 olim
581 575 812 626 dominis
830 576 1060 627 subditos
1073 616 1091 641 ,
1108 577 1294 641 quibus
1309 573 1490 625 sufficit
1505 575 1732 642 obsequij
1751 577 1914 641 gloria
1933 617 1945 637 ,
1969 575 2100 628 ferre

422 652 734 703 sententiam
751 665 804 700 ut
823 652 1084 718 praemium
1111 648 1422 701 inviolandae
1452 649 1695 699 libertatis
1724 651 1979 715 accipiant
2006 666 2101 716 pro

427 725 824 777 authoramento
838 724 1060 791 perfidiae
1078 740 1134 773 ac
1150 724 1459 774 rebellionis.
1516 723 1616 773 Cui
1634 726 1772 775 enim
1791 725 1899 772 iure
1918 722 2103 775 divino

428 801 513 852 vel
542 801 779 850 humano
810 812 953 848 tanta
980 797 1202 864 potestas
1231 795 1466 848 concessa
1493 796 1563 848 est
1592 839 1606 862 ‚
1642 811 1697 847 ut
1725 795 1876 863 possit
1904 797 2107 849 inaudi-

431 888 544 924 tum
572 870 904 924 indefensum
930 888 1207 938 quenquan
1235 871 1588 922 condemnare
1624 874 1639 921 ἒ
1674 870 1883 921 Nedum
1905 884 1958 921 ut
1985 871 2104 923 sub-

433 948 550 998 dius
578 947 733 997 licere
751 946 968 1010 debeat,
988 946 1246 1011 Principes
1277 946 1507 1011 legitima
1535 944 1848 995 successione
1863 943 1926 996 ad
1941 946 2104 1013 impe-

435 1024 573 1075 rium
591 1023 688 1072 rite
704 1033 915 1072 vocatos
944 1019 1215 1070 deturbare
1245 1018 1376 1069 solio
1404 1018 1681 1069 maiestatis
1717 1018 1936 1083 ,inditia
1965 1016 2110 1073 causa

436 1111 763 1164 exaugurare,
781 1093 977 1145 infestis
993 1097 1140 1144 armis
1167 1092 1415 1161 persequi,
1435 1095 1481 1142 &
1495 1092 1745 1143 declarare
1762 1094 1992 1160 publicos
2009 1093 2110 1145 ho-

436 1171 563 1235 steS‚
611 1184 766 1238 quum
811 1185 897 1235 par
936 1171 992 1218 in
1017 1183 1184 1234 parem
1215 1183 1325 1217 non
1353 1167 1542 1218 habeat
1582 1169 1857 1234 imperium
1877 1210 1890 1232 ‚
1910 1168 2109 1219 nedum

437 1245 584 1315 pedes
621 1248 676 1295 in
694 1255 844 1310 caput
867 1284 879 1303 ,
925 1241 1121 1292 nedum
1153 1243 1286 1292 cives
1326 1244 1380 1292 in
1409 1241 1760 1308 Magistratum
1813 1243 1830 1291 Ξ
1906 1242 2023 1292 Esto
2049 1253 2112 1293 ut

436 1320 661 1370 obtentu
690 1313 969 1367 necessariae
987 1315 1298 1368 defensionis
1324 1315 1555 1366 adversus
1588 1314 1973 1366 intolerabilem
2003 1319 2110 1368 vim

439 1409 499 1444 ac
515 1393 750 1446 saevitiam
771 1389 986 1442 excusari
1017 1390 1169 1458 possit
1189 1390 1328 1441 causa
1360 1391 1481 1441 belli
1506 1432 1518 1453 ,
1552 1392 1600 1438 ὅ(
1629 1408 1734 1458 quae
1762 1388 1945 1440 exinde
1974 1390 2117 1441 secu-

439 1481 493 1518 ta
525 1465 671 1518 sunt:
706 1481 770 1515 an
786 1463 1116 1532 ideoaequum
1137 1464 1205 1515 est
1220 1465 1379 1517 filiam
1414 1466 1622 1515 unicam
1654 1465 2119 1530 maximiRegum,

443 1543 493 1590 ὃς
518 1540 799 1591 universam
825 1539 1173 1606 posteritatem
1204 1541 1305 1594 fine
1338 1540 1418 1606 spe
1444 1538 1780 1590 restitutionis
1807 1557 1864 1589 ex
1897 1539 2116 1589 arbitrio

446 1618 496 1664 ὃς
535 1616 798 1681 plebiscito
847 1613 1165 1665 subditorum
1214 1614 1561 1681 pulcherrima
1598 1613 1957 1664 dominiorum
1975 1627 2114 1680 parte

444 1688 651 1757 spoliari
688 1692 703 1739 ἓ
739 1694 867 1761 Q
895 1706 1196 1757 quanquam
1230 1688 1566 1740 suntinsanda
1593 1701 1924 1750 memoratu,
1945 1689 1991 1737 ὅ(
2009 1703 2121 1754 pcr-

445 1762 582 1831 peffu
609 1763 779 1831 aspera
809 1807 822 1827 ‚
861 1777 1035 1814 tamen
1062 1762 1384 1813 Archiduces
1401 1776 1545 1813 tanto
1562 1763 1739 1814 ardore
1756 1764 1892 1829 pacis
1920 1764 1965 1811 ὅ(
1986 1775 2120 1812 tran-

446 1838 716 1905 quillitatis
747 1837 1054 1889 inflammari
1081 1880 1095 1901 ‚
1130 1851 1186 1887 ut
1214 1835 1364 1887 hasce
1398 1836 1728 1902 indignitates
1755 1836 2121 1886 dissimulatio-

445 1927 515 1970 ne
541 1954 554 1975 ‚
595 1914 643 1962 δε
678 1912 933 1978 generoso
959 1925 1262 1979 contemptu
1289 1911 1639 1961 transmittant
1679 1952 1693 1973 ,
1731 1910 1851 1961 dum
1897 1911 1981 1960 tali
2030 1911 2123 1961 bo-

447 2001 522 2035 no
554 1985 653 2037 frui
681 1989 826 2037 liceat
847 2024 858 2035 .
938 1991 1120 2056 th
1155 1988 1261 2036 iam
1287 1983 1527 2054 quartum
1559 1988 1899 2036 convenirent
1919 2027 1932 2047 ‚
1970 1985 2120 2051 figni-

449 2059 658 2111 ficatum
685 2061 754 2111 est
781 2060 1099 2112 Archiduces
1124 2060 1179 2109 in
1211 2060 1446 2111 articulos
1473 2072 1592 2109 ante
1619 2059 1879 2109 exhibitos
1908 2058 2120 2108 consen-

455 2137 549 2186 tire
584 2153 643 2194 ea
668 2134 749 2202 spe
767 2149 821 2184 ut
838 2134 1068 2185 Ordines
1086 2135 1171 2184 tali
1194 2134 1515 2201 indulgentia
1545 2132 1838 2195 devinciisst
1864 2138 1965 2184 iam
1982 2147 2124 2183 nunc

453 2211 507 2259 in
535 2224 820 2260 amicorum
839 2224 1046 2276 gregem
1073 2207 1305 2276 adscripti
1343 2208 1595 2259 faciliores
1629 2200 1727 2259 sese
1769 2209 2026 2276 praebeant
2057 2205 2124 2257 ad

450 2300 508 2333 ea
537 2283 871 2334 concedenda
921 2326 936 2347 ‚
965 2300 1071 2352 quae
1109 2283 1246 2349 Regi
1277 2286 1326 2334 ἃ.
1368 2281 1747 2334 Archiducrbus
1787 2282 2125 2338 vehementer

452 2356 547 2407 esse
578 2357 725 2407 cordi
772 2358 1192 2411 animadvertent
1249 2394 1262 2413 ,
1296 2359 1371 2408 uti
1398 2356 1467 2407 est
1494 2355 1672 2406 Indica
1699 2357 1994 2423 navigatiO,
2031 2362 2132 2422 qua.

451 2430 562 2481 fine
592 2432 918 2498 potissimum
943 2432 1144 2500 impulsi
1187 2429 1341 2482 essent
1367 2445 1424 2481 ut
1467 2444 1571 2481 tam
1602 2430 1877 2481 liberaliter
1905 2431 2016 2478 iura
2049 2429 2129 2480 su-

453 2521 641 2572 premae
674 2506 925 2574 potestatis
961 2507 1268 2573 largirentur
1295 2543 1308 2562 ,
1342 2508 1390 2556 &
1422 2521 1602 2573 pacem
1628 2517 1864 2571 expetere
1889 2518 2003 2554 non
2033 2502 2130 2555 du-

455 2579 684 2633 bitarent
715 2619 728 2634 .
756 2580 923 2653 'Multi
957 2578 1308 2653 sufpee'tabant
1343 2593 1542 2636 tantam
1580 2578 1944 2636 liberalitatem
1986 2594 2130 2644 :quae

1964 2667 2128 2729 quan:
