2284 3132
374 164 475 229 ‘136
809 156 907 206 DE
975 151 1349 206 INDVCHS
1415 148 1643 201 sst-:Ltr

381 242 636 323 perveniri
650 238 840 310 posset,
878 240 1087 307 ejusque
1113 243 1187 293 rei
1219 239 1397 292 testem
1428 240 1662 292 citabant
1690 235 2067 292 conscientiam

393 323 618 393 ipsorum
637 317 1048 385 delegatorum,a
1064 317 1251 384 quibus
1268 316 1446 367 eadem
1465 313 1667 378 fides‚&
1691 314 1949 367 sinceritas
1970 314 2068 366 ser-

394 412 509 454 vata
538 410 651 445 non
675 391 814 446 effet.
850 392 993 443 Nam
1015 407 1189 457 neque
1216 391 1444 441 obtineri
1463 388 1675 457 potuisse
1700 389 1986 456 simplicem
2016 392 2068 442 ὅ(

395 485 575 542 puram
589 468 1029 535 transcriptionem
1045 468 1235 529 jurium
1255 464 1715 533 Maiestati3‚qt1um
1737 480 1913 517 tamen
1931 463 2069 517 haud

398 549 495 600 alia
513 546 628 611 lege
642 540 892 611 placuisset
911 541 1110 591 admitti
1125 541 1284 590 ullam
1304 542 1439 607 pacis
1452 543 1797 590 mentionem:
1816 556 1914 590 nec
1927 554 2072 592 caete-

398 638 475 674 ras
494 619 864 688 postulationes
881 613 1026 667 fuiffe
1046 612 1401 678 hujuscemodi
1417 650 1430 670 ,
1458 629 1514 664 ut
1543 614 1653 665 ullo
1669 614 1834 666 modo
1852 614 2073 678 concedi

403 695 603 765 possent
629 693 815 759 absque
840 690 1152 758 irreparabili
1187 689 1381 740 damno
1408 706 1466 739 ae
1486 688 1795 750 detrimento
1810 692 2074 741 unitarum

409 771 823 822 Provinciarum.
873 765 1113 816 Marchio
1141 767 1294 815 etiam
1326 766 1493 830 paucis
1521 806 1534 825 ,
1570 761 1654 813 sed
1687 763 1981 815 efficacibus
2012 762 2076 816 ad

410 843 819 915 persuadendum
833 842 1001 893 verbis
1022 882 1034 902 ,
1072 856 1185 907 quae
1200 841 1310 891 viro
1326 840 1531 888 militari
1552 835 1832 901 sufficiunt,
1854 838 2078 891 ostendit

407 935 569 988 quam
609 919 698 971 sibi
736 932 889 984 grave
905 956 920 977 ‚
963 917 1012 964 ὅ(
1053 913 1333 964 molestum
1364 910 1622 962 accidisset
1654 955 1669 975 ‚
1706 914 1849 980 quod
1878 913 2079 968 tamdiu

409 993 592 1045 frustra
612 988 957 1042 deliberando
972 1004 1174 1054 tempus
1189 988 1463 1040 extraCnim
1482 985 1614 1037 foret
1632 1024 1644 1041 ,
1662 988 1908 1056 quodque
1933 990 2081 1040 rebus

409 1068 612 1121 infeffis
627 1065 884 1116 discedere
905 1078 1227 1131 cogerentur.
1263 1061 1464 1111 Eodem
1482 1060 1740 1127 diequum
1775 1065 1972 1130 excepti
2000 1063 2083 1114 fu-

411 1142 556 1194 issent
571 1142 723 1208 epulo
745 1160 771 1190 a
789 1140 1021 1206 Principe
1045 1137 1310 1198 Mauricio,
1330 1136 1571 1186 dederunt
1592 1134 1640 1187 se
1651 1138 1705 1187 in
1722 1137 1965 1199 viamJed
1978 1154 2088 1190 ma-

413 1215 608 1283 gnifice
626 1221 758 1282 prius
774 1216 976 1265 litatum
994 1213 1063 1264 est
1081 1212 1316 1278 hospitali
1335 1212 1459 1270 iovi,
1494 1207 1762 1277 praesertim
1782 1228 1809 1261 a
1829 1211 2087 1263 Marchio-

416 1307 485 1342 ne
502 1291 588 1356 qui
621 1292 775 1357 regio
789 1290 906 1340 luxu
928 1289 974 1337 ὅ(
990 1301 1230 1354 apparatu
1256 1288 1409 1334 vitam
1428 1286 1674 1351 agitabat.
1701 1284 1828 1336 Non
1845 1287 1917 1338 est
1929 1289 2089 1338 omit-

417 1364 628 1417 tendum
647 1364 852 1415 silentio
869 1360 1015 1430 quod
1045 1360 1345 1411 foecundam
1377 1360 1647 1410 materiem
1672 1361 1821 1419 variis
1837 1359 2091 1412 sermoni-

419 1439 514 1490 bus
541 1438 753 1507 praebuit
789 1480 802 1501 ,
834 1440 1079 1488 nimitum
1113 1448 1364 1501 repertum
1380 1432 1591 1484 fuiffein
1611 1433 1853 1486 cubiculo
1870 1435 2093 1488 Ptaefidis

422 1512 730 1565 Richardoti
750 1513 1152 1563 instrumentum
1175 1511 1427 1576 signatum
1445 1525 1604 1559 manu
1618 1506 1967 1563 Archiducum
1987 1527 2096 1578 quo

426 1588 834 1640 continebantur
858 1584 1099 1638 mandata
1126 1583 1367 1636 servanda
1399 1585 1529 1634 circa
1560 1586 1834 1649 negotium
1861 1584 2097 1638 ineundae

426 1663 820 1730 compositionis
840 1700 852 1713 .
892 1663 1046 1712 Erant
1076 1660 1392 1711 nonnulliin
1423 1675 1478 1708 ea
1508 1658 1761 1710 sententia
1779 1657 2099 1711 utexistima-

428 1750 541 1788 rent
558 1753 649 1803 per
665 1738 1075 1802 incogitantiam,
1097 1735 1143 1783 &
1160 1734 1488 1784 oblivionem
1519 1733 1805 1800 depositum
1832 1732 1961 1785 istud
1986 1751 2099 1789 non

427 1808 572 1861 fuiffe
588 1809 900 1878 asportatum
918 1807 1041 1860 dum
1057 1810 1193 1860 abire
1207 1807 1473 1858 festinant.
1554 1807 1657 1868 Alii
1691 1804 1904 1859 offusam
1936 1825 1964 1860 a
1981 1810 2103 1864 Deo

429 1884 709 1950 caliginem
726 1883 991 1936 mentibus
1008 1884 1202 1949 alioqut
1214 1880 1673 1932 cordatissimorum
1688 1883 1969 1934 hominum
1984 1886 2105 1953 opi..

434 1958 691 2010 nabantur
707 2002 722 2024 ,
737 1972 792 2011 ut
805 1957 1031 2008 hostium
1048 1970 1173 2007 artes
1195 1972 1346 2025 atque
1359 1959 1411 2007 in
1422 1956 1550 2007 fidiae
1566 1956 1706 2007 coelo
1729 1958 2102 2014 ostenderetur.

435 2031 574 2083 Mihi
589 2046 831 2086 neutrum
847 2032 1039 2083 horum
1054 2047 1283 2097 unquam
1303 2030 1574 2098 persuaderi
1589 2034 1754 2098 potuit
1768 2073 1782 2093 ,
1809 2048 1911 2084 nec
1925 2032 2103 2102 profe-

434 2107 521 2158 &to
533 2123 707 2162 verum
727 2151 741 2172 ,
760 2120 844 2158 aut
859 2104 1038 2167 saltem
1054 2106 1331 2159 verisimile
1352 2106 1549 2157 videtur
1568 2108 1731 2158 virum
1761 2109 2002 2160 maximis
2025 2124 2105 2164 te.

441 2182 536 2232 bus
551 2184 901 2247 exercitatum,
919 2198 1026 2250 quo
1037 2180 1339 2232 administro
1364 2180 1607 2232 foeliciter
1634 2183 1842 2233 tractata
1882 2181 1996 2234 sunt
2023 2185 2106 2237 im

437 2259 610 2322 gentia
640 2259 884 2324 negotia,
903 2273 1012 2323 quae
1029 2253 1366 2306 difficillimos
1396 2256 1676 2323 explicatus
1707 2256 2106 2322 haberejudica-

442 2331 644 2393 bantur,
657 2333 765 2384 fine
782 2332 1000 2383 consilio
1016 2328 1263 2397 reliquisse
1281 2330 1424 2381 domi
1441 2332 1624 2398 pignus
1637 2329 1775 2383 sacro
1790 2332 1996 2384 silentio
2007 2332 2106 2383 ob-

439 2403 725 2461 serandum,
744 2408 854 2457 imo
869 2423 1002 2474 pene
1018 2407 1188 2474 capitis
1205 2405 1434 2471 periculo
1449 2404 1728 2456 sanciendfi
1744 2447 1760 2471 ‚
1775 2407 1808 2456 si
1839 2405 1981 2470 culpa
1999 2409 2106 2457 eius

443 2477 784 2546 dispalesceret
812 2483 868 2531 in
893 2481 1092 2547 vulguS.
1158 2478 1439 2548 Nunquam
1476 2480 1688 2530 enimin
1716 2481 1935 2531 homine
1961 2478 2109 2532 fuisse

443 2550 811 2621 deprehensam
822 2556 980 2606 ullam
997 2553 1160 2605 dubiae
1183 2553 1426 2619 sanitatiS,
1441 2568 1526 2605 aut
1543 2551 1708 2618 delirij
1724 2567 1985 2619 notam‚ut
2000 2553 2108 2623 post
2187 2575 2197 2579 ·

451 2639 595 2682 tanta
620 2626 856 2699 sapientis
868 2632 1031 2684 animi
1047 2630 1357 2685 documenta
1375 2669 1394 2694 ,
1424 2627 1536 2700 post
1561 2639 1642 2681 tot
1667 2628 1900 2701 praeclara
1926 2632 2113 2682 merita

1928 2704 2115 2774 quibus
