2284 3132
238 2384 309 2425 211
341 2381 424 2422 Kal.

243 2436 409 2477 Decembr
419 2466 429 2477 .

242 2499 325 2533 clo
359 2495 407 2530 lo

239 2559 269 2599 o.
304 2558 424 2591 vm.

429 124 523 177 160
666 116 669 118 ’
852 121 949 170 DE
1009 117 1399 169 INDVCIIS
1480 117 1705 168 BELLI

437 212 535 269 effe
550 212 681 266 nulli
698 208 873 274 fidere,
893 203 1089 260 nedum
1108 210 1241 274 Regi
1256 204 1458 258 offenso
1472 249 1484 270 ‚
1513 207 1710 277 nedum
1724 206 1860 259 hosti
1885 211 2121 260 reconci-

439 293 597 342 liato:
621 302 795 338 tamen
814 284 945 335 bella
968 282 1229 352 presertim
1248 300 1340 351 pro
1357 281 1660 334 defensione
1679 284 1854 350 capitis
1882 298 1940 332 ac
1957 283 2120 336 fortu-

442 379 621 416 narum
637 359 861 428 suscepta
877 375 988 410 non
1007 360 1163 409 alium
1177 358 1336 409 finem
1353 358 1666 424 propositum
1681 356 1876 408 habere
1908 356 2119 423 debent,

444 454 597 507 quam
613 449 668 487 ut
685 438 739 484 in
757 439 868 485 otio
885 436 1076 486 vivatur
1092 474 1104 496 ‚
1119 446 1176 484 ut
1193 435 1346 482 armis
1379 432 1520 482 alma
1536 448 1631 498 pax
1647 445 1907 499 quaeratur,
1925 433 2122 500 alioqui

444 510 658 582 pessime
675 525 791 560 cum
811 509 955 559 rebus
982 509 1219 558 humanis
1248 520 1478 573 ageretur
1496 547 1507 567 ,
1532 506 1586 565 si,
1613 519 1857 571 tanquam
1887 508 1941 554 in
1970 523 2123 559 arena

447 587 810 655 gladiatorum,
830 584 1162 632 continenter
1176 579 1296 632 effer
1313 578 1648 646 pugnandum
1669 623 1681 644 ,
1723 582 1770 629 ὃ(
1787 595 1948 629 omne
1959 596 2121 634 aevum

445 663 583 713 serto
602 658 894 711 terendum.
952 656 1235 707 Piratarum
1257 656 1581 705 &latronum
1597 653 1700 704 haec
1719 652 1897 704 infesta
1910 655 2015 705 vita
2035 656 2125 718 est,

451 751 674 803 quorum
711 735 879 800 impijs
904 732 1178 781 cervicibus
1212 729 1402 796 semper
1428 730 1663 778 imminet
1694 728 2006 778 domesticus
2026 729 2124 780 -ille
2147 769 2152 774 .

452 820 631 872 tortor,
652 810 736 876 qui
754 810 893 874 peius
908 808 1055 854 omni
1070 804 1317 871 supplicio
1330 816 1528 853 mentes
1540 801 1686 869 profli
1694 816 1929 867 gaiorum
1950 802 2126 853 homi.

454 900 586 936 num
606 884 872 943 excruciat,
889 892 943 929 ut
958 894 1232 945 nunquam
1250 879 1469 928 liberum
1491 894 1517 927 a
1534 878 1663 925 curis
1687 875 1909 943 spiritum
1938 874 2125 928 ducere

455 971 668 1027 queant.
704 960 880 1023 Qm
912 954 1061 1018 igitur
1099 951 1429 1003 conditiones
1453 953 1508 1000 in
1552 964 1605 998 m
1614 948 1785 1000 edium
1836 948 2126 1006 adferantur

458 1032 858 1100 haudquaquam
875 1026 1188 1091 inhonestae,
1205 1043 1304 1077 nec
1339 1024 1597 1079 indecorae‚
1617 1041 1705 1091 per
1717 1025 1938 1090 Legatos
1965 1030 2129 1078 maxi-

461 1122 673 1160 morum
686 1104 1097 1171 Principum,qui
1109 1102 1254 1154 simul
1273 1102 1386 1152 sunt
1403 1101 1452 1149 &
1468 1099 1665 1161 consili)
1683 1098 1989 1164 authore3,&
2004 1100 2131 1153 fidei

461 1178 729 1250 sponsores
744 1220 757 1243 ,
772 1181 820 1227 ὅ(
835 1177 1183 1244 periculorum
1200 1176 1455 1242 participes
1469 1214 1483 1236 ,
1500 1176 1612 1239 quis
1639 1174 1784 1225 color
1799 1214 1812 1234 ,
1827 1186 1933 1238 quae
1951 1174 2129 1241 figura,

463 1253 605 1324 quod
621 1247 1037 1318 integumentum
1055 1247 1273 1299 obtendi
1292 1246 1474 1314 potest,
1489 1259 1545 1296 ut
1564 1245 1684 1296 belli
1702 1244 1995 1299 resumendi
2015 1265 2130 1306 cauq

463 1330 513 1380 sa
529 1328 754 1394 speciem
772 1326 998 1391 aliquam
1015 1324 1265 1388 aequitatis
1279 1321 1465 1371 habere
1478 1319 1734 1374 videatur?
1783 1319 1863 1373 Est
1877 1321 2005 1373 illud
2020 1325 2133 1391 qui-

467 1402 585 1452 dem
603 1416 827 1469 apprime
840 1398 965 1448 utile
978 1399 1032 1447 in
1049 1399 1169 1463 vita,
1182 1413 1292 1448 non
1307 1394 1458 1446 facile
1472 1396 1714 1460 cuiquam
1744 1391 2006 1459 fidere‚sed
2033 1413 2135 1449 nec

466 1491 666 1528 temere
681 1473 929 1525 omnibus
948 1470 1016 1522 est
1030 1470 1390 1534 diffidendum,
1410 1486 1509 1521 nec
1524 1469 1587 1522 ad
1601 1468 1851 1538 quassibet
1865 1486 2134 1526 rumorum

464 1565 549 1602 aut
565 1548 903 1616 suspicionum
918 1561 1060 1597 auras
1076 1541 1749 1614 expavescendum.Alioqui
1764 1558 2033 1611 nunquam
2050 1546 2137 1597 de-

465 1636 614 1676 erunt
631 1623 853 1683 luscinijs
867 1622 1136 1672 c-antilenae
1154 1662 1167 1683 ‚
1205 1624 1254 1671 ἃ
1277 1622 1330 1671 in
1359 1632 1605 1670 aeternum
1634 1616 1907 1685 suppetent
1923 1618 2139 1673 fomites

467 1701 658 1750 irarum
672 1714 730 1748 ac
743 1694 1231 1747 diffenfionum.Sed
1249 1711 1308 1746 ex
1322 1695 1475 1744 omni
1489 1692 1879 1743 Provinciarum
1892 1708 2139 1757 numem,

470 1788 577 1838 quae
591 1771 681 1822 sub
695 1769 956 1824 Ordinum
974 1769 1171 1820 ditione
1187 1764 1733 1835 regebantur‚Zelandi
1747 1768 1996 1835 praecipue
2011 1766 2143 1820 sum-

469 1861 660 1913 maque
675 1847 723 1896 vi
738 1842 1122 1894 contendebant
1135 1859 1203 1893 ne
1220 1843 1406 1893 fierent
1421 1838 1636 1893 induciae
1658 1839 1959 1908 :fludijsque
1975 1844 2022 1891 δε
2037 1858 2144 1893 cer·

470 1917 753 1970 taminibus
765 1934 828 1969 eo
839 1918 1124 1968 acerbitatis
1159 1929 1377 1969 ventum
1408 1929 1512 1967 erat
1541 1929 1595 1966 ut
1615 1928 1814 1966 metum
1857 1914 2146 1968 secessionis

477 1990 649 2063 palam
665 1994 995 2053 intentarent,
1013 1992 1049 2042 fi
1065 1990 1190 2056 quid
1204 1992 1317 2059 ipsis
1333 1991 1737 2057 repugnantibus
1753 2003 1858 2058 atq3
1875 1991 2047 2044 invitis
2070 1990 2150 2041 su-

474 2082 559 2135 per
574 2083 632 2117 ea
650 2083 703 2117 re
719 2076 1036 2119 conventum
1054 2062 1130 2114 eff
1124 2079 1193 2116 et.
1251 2068 1376 2130 Quae
1387 2064 1674 2115 factionum
1702 2065 1751 2114 ὅ(
1779 2064 2145 2117 discordiarum

474 2140 620 2192 tabes
635 2157 704 2192 ne
719 2140 961 2208 rempub.
978 2141 1033 2189 in
1049 2154 1336 2190 extremum
1354 2136 1623 2190 discrimen
1642 2138 1909 2190 adduceret
1924 2181 1937 2203 ‚
1958 2140 2146 2207 Legati

473 2214 680 2281 Regum
691 2214 985 2266 salutaribus
1001 2215 1488 2280 monitisingruenti
1506 2215 1648 2264 malo
1671 2213 1876 2266 fortiter
1899 2213 2149 2266 obsisten-

473 2287 596 2339 dum
616 2288 713 2340 effe
732 2288 1025 2340 statuerunt.
1065 2288 1137 2337 Ex
1154 2301 1294 2353 parte
1307 2289 1458 2353 Regis
1471 2288 1757 2340 Galliarum
1772 2288 1836 2338 'ad
1851 2287 1992 2338 hunc
2007 2336 2011 2340 .
2029 2303 2148 2337 mo-

475 2361 597 2413 dum
616 2363 771 2415 verba
786 2362 913 2414 faeta
928 2361 1041 2414 sunt
1052 2362 1106 2414 in
1118 2362 1203 2412 illu
1214 2360 1453 2414 strissimo
1467 2361 1724 2412 Ordinum
1740 2360 1945 2413 coseffu.
1966 2366 2147 2426 Quum

479 2439 719 2488 certiores
747 2436 865 2488 faeti
894 2436 1067 2488 sumus
1080 2479 1094 2500 ‚
1113 2435 1257 2504 quod
1280 2438 1503 2486 minime
1536 2434 1810 2487 obscurum
1840 2433 1937 2485 effe
1953 2435 2139 2503 potest,

475 2523 616 2563 tanta
643 2514 988 2564 contentione
1017 2525 1270 2579 tantoque
1297 2512 1591 2562 animorum
1620 2507 1799 2561 ardore
1817 2509 2148 2563 conditiones

476 2587 532 2639 in
539 2584 746 2644 ductarii
776 2604 805 2642 a
820 2584 1060 2641 Zelandis
1076 2584 1354 2657 repudiari,
1372 2599 1427 2639 ut
1441 2581 1578 2640 haud
1592 2584 1808 2638 occultis
1820 2583 2148 2639 sermonibus

2045 2675 2146 2730 1⁹¹ati
