2284 3132
572 120 773 172 „nmo
797 121 909 170 101
965 118 1187 182 LIBER
1220 125 1309 174 11.
1750 136 1819 194 99-

142 212 379 269 vantia&
394 216 729 265 veneratione
746 212 1024 263 dominum
1043 225 1382 278 agnoverunt.
1456 212 1665 270 Nihilse
1693 220 1816 271 iuris·

142 292 196 342 in
214 305 302 341 cos
317 288 591 352 vindicare,
607 290 702 339 nisi
717 302 771 338 ut
791 291 1015 354 cogitent
1031 286 1289 355 Principes
1314 288 1443 341 sorte
1476 291 1718 344 nascendi
1734 296 1813 365 aad

140 362 383 416 excelsam
399 361 693 429 dignitatem
713 367 933 429 genitos»,
953 364 1001 410 &
1015 360 1152 411 haud
1170 363 1425 414 indecoris
1451 368 1714 420 virtutibus
1726 387 1811 421 or-

143 451 294 489 natos
320 439 486 504 aliqua
498 436 714 488 honoris
728 438 1051 504 praerogativa
1068 435 1248 502 dignos
1274 439 1455 490 videri.
1497 442 1624 491 Non
1662 448 1807 496 enim

141 513 464 563 minusliber
482 511 786 579 estpopulus
802 511 996 561 etiamsi
1027 509 1226 561 foedere
1261 514 1695 580 comprehensum
1729 521 1804 585 fit,

142 599 199 636 ut
225 587 421 638 alterius
461 588 631 652 populi
673 599 758 637 aut
798 587 956 651 Regis
993 584 1314 646 Majestatem
1356 590 1571 640 comiter
1603 593 1804 644 conser-

141 674 302 714 varet.
384 663 501 711 Imo
525 677 722 728 quanto
752 658 799 710 se
831 663 924 712 viri
953 658 1237 726 praestantes
1277 660 1570 713 submissius
1595 680 1806 730 gerunt,

143 747 291 785 tanto
316 734 575 786 sublimius
599 735 908 785 attolluntur
932 731 1124 795 judicio
1142 750 1328 784 eorum
1356 740 1440 805 qui
1467 754 1588 788 verae
1602 744 1806 805 magni-

143 809 332 859 tudinis
360 809 597 860 indolem
622 825 734 859 non
765 822 983 859 externo
1010 805 1164 872 fasta,
1183 808 1270 859 sed
1294 811 1501 860 internis
1532 815 1692 864 animi
1714 815 1807 866 do-

142 883 275 933 tibus
303 883 539 936 aestimare
573 884 875 934 didicerunt.
925 881 1087 950 Qd
1116 883 1150 934 si
1189 882 1414 934 Ordines
1459 902 1805 955 gravarentur,
1869 888 1886 896 ”
1936 892 1939 893 ’

142 971 228 1011 aut
258 973 370 1009 non
393 957 508 1008 satis
537 972 703 1008 tutum
731 971 969 1026 putarent
1000 969 1256 1007 continuo
1286 959 1340 1007 in
1369 960 1683 1027 urbesi1135‚
1711 980 1803 1031 op.

142 1032 261 1100 pida
292 1074 305 1096 ‚
337 1033 721 1100 propugnacula
762 1030 1117 1099 praesidiarium
1146 1032 1356 1083 militem
1388 1033 1454 1083 ab
1495 1035 1807 1089 Archiduci-

144 1107 556 1168 busintromitti,
576 1108 746 1157 saltem
774 1107 883 1168 jura
912 1105 1150 1171 supremae
1183 1107 1439 1172 potestatis
1469 1109 1802 1177 resignarent,

98 1193 102 1197 ·
139 1178 282 1250 &ad
311 1195 503 1234 certum
534 1194 726 1248 tempus
753 1181 956 1247 pignori
984 1180 1344 1230 incumberent
1375 1227 1389 1246 ‚
1429 1181 1594 1233 donec
1630 1187 1804 1235 omnis

133 1256 397 1320 scrupulus
427 1269 684 1321 exemptus
733 1252 870 1305 effer.
948 1253 1056 1303 Cur
1093 1267 1263 1303 autem
1292 1252 1800 1322 ‹ie-extraordinariis

139 1329 471 1396 vestigalibus
488 1328 754 1380 abolendis
773 1328 1110 1393 ambigeretur
1125 1326 1316 1379 causan]
1337 1344 1446 1378 non
1468 1330 1799 1400 videri,quurn

139 1407 279 1473 pacis
307 1406 591 1456 conventio
618 1403 803 1470 semper
830 1399 957 1452 illud
991 1400 1182 1454 adferre
1216 1401 1371 1452 soleat
1401 1407 1670 1454 commodi
1698 1448 1712 1470 ‚
1744 1422 1800 1460 ut

137 1492 324 1531 mutua
343 1480 654 1529 commercia
685 1479 845 1528 libera
861 1479 986 1539 fint,
1027 1492 1125 1526 nec
1156 1477 1500 1527 exaftionibus
1523 1495 1803 1532 onerentur

137 1570 261 1620 quas
291 1566 582 1621 temporum
617 1550 894 1616 neceffitaS‚
917 1553 965 1601 δε
985 1552 1244 1601 bellorum
1273 1554 1405 1602 vices
1434 1552 1798 1619 exprefferunt.

138 1628 284 1678 Dum
305 1626 406 1677 haec
424 1627 485 1679 ad
502 1644 618 1678 eum
636 1628 856 1679 modum
877 1639 1124 1694 geruntur
1143 1668 1156 1689 ,
1177 1624 1352 1675 Praeses
1380 1628 1621 1677 lanuinus
1637 1629 1801 1678 Galli..

138 1717 205 1752 cae
236 1702 510 1768 legationis
543 1704 775 1770 princeps
793 1746 806 1765 ,
823 1701 886 1751 de
904 1702 1039 1750 cuius
1062 1700 1308 1765 sapientia
1326 1743 1339 1763 ‚
1359 1703 1543 1751 virture
1572 1704 1619 1750 δε
1639 1705 1801 1755 animi

139 1775 499 1842 magnitudine
511 1775 654 1842 supra
668 1775 834 1826 sumus
850 1776 1071 1841 loquuti,
1088 1773 1388 1839 significavit
1405 1774 1662 1826 Ordinum
1681 1792 1803 1826 con-

138 1851 370 1903 ciliolibi
397 1852 448 1900 in
468 1851 694 1900 Galliam
729 1849 823 1901 effe
856 1846 1278 1916 proficiscendum
1297 1849 1532 1913 gravibus
1561 1850 1619 1900 de
1650 1851 1806 1902 caulis

138 1940 249 1991 quae
265 1927 574 1992 pertinerent
603 1927 651 1974 ὅ(
678 1925 739 1976 ad
766 1927 923 1990 Regis
947 1923 1016 1973 sui
1043 1921 1377 1983 Maiestatem,
1397 1923 1519 1973 &ad
1539 1925 1798 1990 publicam

135 1999 689 2050 utilitatemunitarum
723 1999 1127 2049 Provinciarum.
1179 1997 1592 2060 Necasententia
1612 1998 1795 2048 demo-

137 2075 243 2125 veri
258 2073 303 2123 se
320 2071 476 2140 passus
495 2071 577 2134 est,
596 2076 827 2138 quamvis
841 2074 907 2123 ab
923 2072 1209 2121 Ordinibus
1224 2087 1410 2121 omnes
1442 2071 1692 2121 machinae
1708 2071 1796 2121 ad-

136 2160 472 2198 moverentur
495 2147 675 2212 quibus
692 2148 1004 2214 propositum
1032 2145 1162 2196 istud
1187 2148 1462 2214 expugnari
1479 2143 1658 2212 poffet.
1696 2147 1794 2195 Ita-

140 2237 243 2287 que
268 2237 436 2286 paucis
465 2221 576 2287 post
603 2220 780 2272 diebus
803 2225 860 2272 in
899 2225 1034 2272 viam
1061 2220 1109 2271 se
1139 2220 1310 2284 dedit,
1350 2220 1796 2285 Roteroclamiqne

141 2311 328 2346 navem
346 2294 603 2345 coscendit
618 2309 673 2346 ut
695 2298 749 2346 in
768 2296 1063 2347 Zelandiam
1081 2296 1489 2357 traijce1·et.Tam
1507 2298 1791 2361 repentina,

139 2385 241 2419 nec
268 2371 478 2436 opinata
503 2369 751 2436 profestio
777 2374 867 2421 viri
900 2384 1046 2421 tantae
1074 2370 1388 2434 dignationis
1401 2367 1570 2418 multis
1609 2364 1787 2419 offensi

138 2445 336 2506 animi,
372 2444 454 2496 vel
482 2443 669 2493 altioris
699 2444 949 2495 cuiusdam
976 2443 1173 2504 confilij
1220 2441 1554 2508 suspicionem
1582 2437 1787 2495 'iniec-it,

145 2532 212 2567 eo
240 2520 402 2583 magis
425 2516 565 2586 quod
594 2535 679 2584 per
717 2516 852 2568 idem
895 2534 1093 2585 tempus
1131 2515 1236 2566 duo
1266 2516 1533 2567 Gallorum
1567 2514 1793 2565 militum

141 2590 546 2662 tribuni,Gaspar
561 2592 800 2645 Colinius
813 2596 989 2661 magni
1005 2593 1136 2644 illius
1152 2590 1434 2645 Galliarum
1448 2591 1598 2641 maris
1624 2586 1800 2653 praefe-

149 2663 152 2665 ’
1097 2664 1152 2718 N
1227 2680 1255 2716 2
1535 2662 1804 2732 &inep082
