2284 3132
477 150 542 202 ’18
869 150 972 200 DE
1040 147 1414 205 INDVCIIS
1479 147 1708 202 BELLI

482 245 583 296 Cui
598 244 735 293 enim
750 258 861 294 non
875 245 1055 310 ignaro
1071 246 1390 311 patriciarum
1409 245 1590 294 artium
1610 236 2178 309 persuadebimr‚huius

482 319 807 370 instrumenti
827 318 1157 384 concipiendi
1172 334 1356 370 munus
1371 317 1682 368 formulario
1715 320 1936 385 cuipiam
1952 321 2168 387 refigna.

480 407 593 443 tum
609 391 830 460 fuiss'e‚ac
846 409 958 442 non
977 395 1141 460 potius
1154 390 1520 458 consulttssima
1535 408 1703 444 rtrum
1719 392 2066 446 humanarum
2086 398 2167 446 in-

479 472 633 534 genia
665 484 850 519 nervos
879 483 1064 518 omnes
1093 466 1269 530 judicij
1303 469 1357 517 in
1404 466 1760 533 expendendis
1784 469 2169 522 vocabulorum

477 542 705 594 sensibus
721 540 1011 610 explicuiffe
1027 584 1038 604 ,
1057 557 1120 592 ne
1137 542 1260 609 quid
1277 544 1442 608 Regia
1458 540 1694 601 Majestas
1711 543 1758 590 ὃ(
1772 542 1997 609 Hispana
2010 543 2169 595 subli-

478 621 629 668 mitas
666 631 857 684 caperet
879 616 1219 667 detrimenti?
1253 618 1478 683 Legatus
1507 616 1860 682 Verreycken‚
1879 630 1934 666 ut
1970 622 2163 685 experi-

482 708 660 742 entem
696 694 863 742 virum
895 693 941 741 &
974 690 1186 742 fidelem
1217 691 1576 743 administrum
1598 690 2006 752 decebat‚vertit
2032 692 2081 743 se
2104 697 2162 747 in

481 773 672 816 omnes
688 765 879 815 formas
893 779 1021 815 utex
1042 768 1225 815 animis
1251 766 1532 816 hominum
1547 765 1777 815 aboleret
1794 764 2044 835 quidquid
2062 767 2163 817 hae-

481 856 593 889 rere
614 839 1177 907 poter-atincommodae
1194 841 1490 906 opinioniS,
1526 856 1586 890 ex
1616 840 1771 888 nimis
1803 840 2086 906 scrupulosa
2115 843 2165 894 δε

485 915 634 964 anxia
663 915 940 967 verborum
976 914 1321 964 cavillatione.
1391 915 1516 966 Ncn
1547 915 1824 965 convenire
1849 915 2164 983 simplicitati

485 988 852 1054 generosorum
901 991 1089 1040 civium
1136 1003 1253 1039 cum
1283 991 1522 1039 maximis
1560 988 1793 1055 Regibus
1842 989 2164 1042 contrahen-

478 1066 612 1113 tium
663 1063 845 1114 haerere
890 1067 1021 1114 circa
1063 1063 1300 1131 syllaba5‚
1345 1066 1393 1114 ὃ(
1422 1059 1658 1132 aucupari
1702 1063 1913 1115 voculas
1941 1101 1954 1119 ,
1997 1080 2162 1131 quum

484 1153 547 1186 ex
580 1153 819 1189 contextu
848 1142 1001 1189 totius
1041 1139 1374 1189 instrumenti
1410 1140 1566 1189 cuivis
1597 1153 1709 1189 non
1740 1137 1935 1188 sinistro
1965 1143 2162 1190 mentis

483 1214 756 1278 interpreti
785 1212 1126 1281 satisli-queret
1146 1212 1206 1263 de
1233 1211 1479 1263 consensu
1515 1229 1572 1263 ae
1586 1214 1849 1266 voluntate
1870 1215 2001 1262 circa
2020 1212 2158 1265 sunu

481 1302 626 1336 msam
649 1289 694 1336 ἃ
713 1302 865 1354 caput
892 1290 1127 1356 praecipui
1145 1289 1344 1355 negotii
1363 1286 1503 1355 quod
1532 1287 1803 1354 gerebatur
1843 1304 1856 1334 ε
1899 1289 2154 1339 nimirum

483 1363 614 1410 circa
658 1363 1147 1430 comprobationem
1190 1378 1360 1414 rerum
1389 1362 1454 1413 ab
1483 1361 1862 1418 Archiducibus
1901 1361 2157 1413 concessa-

482 1452 597 1485 rum
621 1475 631 1486 .
685 1436 739 1484 Id
765 1439 817 1486 in
843 1437 1100 1504 praesentia
1127 1436 1354 1488 sufficere
1412 1435 1604 1488 debere
1648 1436 1955 1488 hominibus
1984 1439 2073 1503 qui
2100 1439 2160 1489 li-

481 1514 608 1560 tium
640 1510 802 1562 causas
833 1528 943 1562 non
975 1525 1278 1581 captarent,
1314 1510 1506 1562 &serio
1536 1510 1595 1563 de
1629 1528 1753 1579 pace
1780 1510 2010 1562 ineunda
2038 1510 2158 1562 fini-

481 1585 727 1652 endoque
748 1586 892 1637 bello
921 1600 1207 1654 cogitarent
1227 1625 1237 1636 .
1314 1587 1451 1637 Cum
1469 1587 1698 1654 Regibus
1726 1587 2030 1653 regiomore
2059 1585 2156 1640 esse

483 1661 779 1725 agendum,
823 1664 911 1727 qui
940 1662 1205 1712 altioribus
1232 1664 1362 1712 curis
1388 1665 1576 1713 intenti
1608 1660 1793 1722 essent,
1829 1678 1981 1727 quam
2001 1674 2055 1712 ut
2090 1662 2156 1715 ad

482 1734 631 1785 hasce
658 1730 946 1786 solennium
968 1739 1255 1788 carminum
1274 1739 1519 1788 minutias
1548 1736 1650 1788 sese
1679 1736 1958 1787 demittere
1975 1737 2157 1790 consu-

483 1807 711 1860 evissenct¹>
746 1811 898 1861 Nihil
928 1824 1032 1861 tam
1052 1825 1193 1862 caute
1223 1813 1272 1860 &
1302 1811 1659 1879 circumspe&e
1704 1810 1808 1861 dici
1830 1811 1913 1863 vel
1946 1816 2156 1883 concipi

484 1884 657 1952 posse,
691 1883 835 1951 quod
861 1884 1135 1952 speciosam
1165 1888 1392 1953 perjurio
1419 1886 1674 1937 latebram
1705 1902 1818 1936 non
1853 1887 2079 1953 aperiat,
2115 1889 2154 1941 fi

484 1962 598 2025 quis
627 1959 923 2026 scripturam
950 1960 1107 2028 pluris
1135 1960 1352 2020 {aestimet
1380 2003 1394 2025 ,
1431 1977 1587 2026 quam
1632 1958 1860 2030 promiffi
1896 1959 2057 2013 fidem
2104 1965 2155 2013 δε

482 2033 807 2096 jutifiurandi
824 2035 1149 2100 religionem.
1185 2035 1467 2103 Nunquam
1497 2035 1799 2088 hominibus
1823 2034 2040 2086 fallendi
2066 2053 2154 2088 eu-

479 2107 610 2174 pidis
652 2107 822 2161 ansam
852 2108 1146 2160 defuturam
1174 2125 1260 2161 cur
1287 2112 1431 2178 paeto
1459 2127 1573 2161 non
1599 2111 1785 2161 stetur.
1858 2109 2151 2162 Ordinibus

479 2181 693 2232 concedi
709 2200 735 2232 a
753 2182 1106 2251 potentiffimo
1124 2187 1328 2251 Regum
1346 2184 1486 2252 quod
1503 2187 1585 2236 vix
1611 2198 1763 2237 antea
1790 2187 1922 2238 votis
1950 2186 2050 2237 aust
2082 2185 2152 2236 es-

475 2254 588 2306 sent
604 2273 781 2322 optare
801 2301 812 2321 ‚
854 2259 899 2306 ὅ(
918 2274 1023 2325 quo
1039 2258 1171 2308 nihil
1191 2261 1354 2310 maius
1373 2260 1653 2326 exspeetare
1678 2273 1916 2327 poterant
1932 2259 2042 2328 post
2072 2258 2148 2311 fe-

476 2328 738 2381 licissimos
756 2332 1016 2383 bellorum
1044 2334 1200 2383 exitus
1219 2350 1436 2401 :nempe
1456 2347 1509 2385 ut
1537 2351 1594 2386 cx
1622 2350 1771 2401 aequo
1797 2349 1913 2384 cum
1942 2334 2147 2402 populis

477 2404 613 2454 olim
639 2405 728 2456 suo
746 2408 842 2469 juri
867 2406 1101 2457 subiectis
1129 2407 1192 2458 ad
1221 2407 1480 2474 pastiones
1510 2407 1812 2460 descendere
1830 2407 2144 2474 dignaretur.

479 2478 609 2529 Non
625 2480 908 2532 admodum
924 2481 1082 2532 firmo
1099 2482 1363 2551 stabilique
1378 2486 1713 2534 munimento
1731 2480 2015 2543 fundarant
2030 2480 2147 2533 fore

480 2551 1297 2620 dignitatem,libertatem,decus
1334 2560 1382 2606 ὃς
1409 2558 1844 2608 existimationem
1882 2558 2146 2608 unitarum

478 2624 871 2685 Provinciaruni
902 2672 918 2695 ,
949 2633 984 2689 fi
1014 2647 1126 2686 non
1149 2629 1246 2684 suis
1273 2633 1473 2687 viribus
1497 2631 1715 2698 starent,
1751 2629 1837 2683 sed
1869 2630 2150 2701 penderent

539 2723 542 2726 ⁴
1089 2738 1105 2744 -ν
2078 2706 2149 2758 ab
