2284 3132
416 105 520 197 ‘11‘4
855 131 956 185 DE
1020 132 1395 186 movens
1454 128 1668 184 mem

428 224 703 278 testatione
755 221 1017 273 ordinum
1048 220 1184 273 missi
1214 222 1419 273 fuerant
1452 235 1535 286 ‚ut
1563 221 1725 289 gratia
1745 221 2113 294 ‚authoritate,

434 299 703 371 prudentia
735 299 782 347 ὃς
807 296 1048 364 sapientia
1076 295 1351 364 susceptam
1381 299 1794 362 negotiationem
1831 297 2113 365 firmarent,

437 373 800 425 consenserunt
815 387 872 421 ut
887 388 1014 422 unus
1031 388 1088 421 ex
1108 336 1481 421 Arctiiducum³
1478 372 1686 437 Legatis
1714 371 1770 421 in
1817 371 2115 442 Hispaniam

438 447 837 517 proficisceretur
855 446 917 496 ad
932 445 1302 513 exquirendum
1318 443 1651 497 novissimum
1671 446 1866 512 Regiae
1878 449 2118 503 volunta-

442 525 505 574 tis
537 524 806 574 oraculum
828 519 936 583 ‚sed
954 518 1136 571 testato
1155 518 1202 570 se
1220 536 1550 587 nequaquam
1577 519 1629 571 id
1655 520 1992 588 plusfimplici
2007 527 2117 577 vice

441 595 779 660 concessuros,
800 596 1010 661 duoque
1023 594 1215 646 menses
1231 594 1295 644 ad
1322 594 1578 646 summum
1607 593 1788 663 praefixi
1816 595 1960 660 sunt,
1979 599 2115 650 intra

438 670 582 741 quod
609 685 808 739 tempus
850 686 965 720 cum
995 668 1292 737 plenissimis
1328 670 1585 721 mandatis
1611 669 1795 721 reverti
1827 685 2109 737 oporteret,

439 763 612 812 eoque
649 745 752 797 fine
790 742 988 795 cessatio
1019 745 1085 796 ab
1114 746 1267 794 armis
1309 787 1323 807 ‚
1363 761 1470 811 quae
1498 742 1667 795 mense
1703 742 2114 813 Martiontermi-

440 822 686 884 trabatur,
726 822 781 870 in
809 818 1067 870 Kalendas
1094 819 1325 869 Sextileis
1354 819 1555 886 prolata
1579 818 1758 869 fuerat.
1879 834 2000 868 uum
2030 837 2115 872 au-

446 909 558 944 tem
597 893 779 944 diutius
809 909 962 961 quam
1001 893 1261 961 pollicitus
1292 907 1398 943 erat
1421 906 1708 943 moraretur
1723 904 1867 960 pater
1895 895 2027 961 Ney,
2068 897 2117 946 δε

445 969 680 1038 plerique
712 968 987 1019 hominem
1029 967 1195 1018 feram
1243 966 1455 1018 bestiam
1495 966 1686 1018 fastum
1720 962 1813 1017 effe
1844 982 2118 1035 opinaren-

446 1057 527 1094 tur
565 1085 578 1105 ,
605 1045 694 1110 qui
729 1039 962 1093 amisisset
1006 1043 1241 1092 animum
1274 1040 1564 1092 revertendi
1607 1083 1621 1105 ‚
1662 1054 1837 1092 tamen
1884 1042 2118 1095 conside.

449 1119 615 1168 rando
651 1116 1028 1182 impedimenta
1056 1155 1071 1176 ,
1108 1114 1512 1179 &difficultate5‚
1546 1116 2005 1184 quaetalitempore
2022 1117 2123 1169 hu-

447 1194 676 1242 manitus
703 1206 972 1241 occurrere
1000 1189 1196 1245 solent,
1215 1206 1273 1240 ex
1304 1193 1571 1240 communi
1605 1187 1851 1240 consensu
1875 1206 2123 1258 proroga-

448 1279 504 1316 tae
532 1265 645 1315 sunt
671 1263 888 1314 induciae
907 1263 971 1315 ad
988 1263 1149 1313 finem
1179 1263 1337 1330 usque
1362 1267 1605 1314 vertentis
1622 1263 1869 1314 anni.Sed
1903 1280 1971 1315 ne
1987 1264 2118 1317 dila-

445 1342 524 1390 tio
544 1339 633 1390 ista
666 1339 1031 1407 negligentiam
1072 1337 1415 1406 persuaderet,
1452 1350 1537 1388 aut
1565 1339 1760 1388 timoris
1789 1336 2120 1404 significatio-

446 1429 571 1465 nem
590 1412 1081 1482 praeberet,Ord1nes
1097 1426 1267 1479 aperte
1284 1413 1683 1479 simpliciterque
1703 1412 1967 1463 edixerunt
1982 1411 2120 1466 hanc

449 1488 548 1538 effe
562 1488 895 1539 decretoriam
928 1489 1117 1539 mentis
1141 1485 1234 1537 suae
1247 1486 1550 1538 sententiam
1568 1529 1582 1552 ‚
1601 1486 1704 1538 hoc
1720 1487 1985 1537 arbitrium
2001 1502 2119 1539 non

446 1564 576 1613 ultra
606 1561 931 1615 movendum
978 1575 1060 1613 aut
1084 1561 1392 1612 mutandum
1409 1603 1425 1628 ‚
1451 1575 1506 1612 ut
1530 1564 1661 1612 intra
1691 1559 1944 1611 Kalendas
1958 1561 2119 1613 Sexti-

449 1638 544 1688 leis
573 1650 657 1687 ant
688 1640 830 1704 operi
858 1636 1084 1704 suprema
1102 1652 1285 1686 manus
1313 1638 1670 1705 imponeretur
1693 1672 1707 1691 ,
1749 1648 1834 1685 aut
1864 1629 2118 1704 colloqui-

448 1727 543 1763 um
567 1712 855 1763 institutum
884 1710 1051 1760 dirimi
1067 1707 1268 1762 necesse
1285 1708 1404 1762 effer
1418 1747 1430 1767 ,
1449 1726 1517 1761 ne
1535 1710 1722 1761 diutius
1740 1711 1875 1760 inter
1900 1709 2040 1777 spem
2071 1712 2121 1761 δε

372 1830 375 1832 μ
447 1800 650 1837 metum
680 1785 840 1836 dubiae
860 1798 1064 1835 mentes
1091 1785 1482 1836 flustuarentur.
1517 1785 1679 1836 Satius
1698 1787 1838 1836 enim
1859 1783 2124 1837 effesemel

451 1860 627 1912 cadere
642 1861 743 1928 qua
757 1858 954 1927 semper
971 1858 1211 1926 suspendi:
1228 1859 1406 1909 Postea
1421 1876 1580 1927 quum
1597 1860 1763 1911 crebri
1781 1858 1844 1910 ad
1861 1875 2004 1911 aures
2018 1860 2117 1911 Or—

456 1934 637 1985 dinum
655 1950 880 1985 rumores
895 1932 1211 1984 adferrentur
1223 1976 1236 1997 ‚
1255 1933 1510 2001 literisque
1524 1937 1645 1985 item
1664 1935 1918 1997 &nuntijs
1932 1935 2117 1986 certio-

454 2025 527 2059 res
547 2008 734 2060 fierent
768 2024 878 2060 rem
908 2022 1018 2058 non
1033 2011 1112 2075 agi
1141 2024 1200 2059 ex
1214 2008 1441 2060 formula
1465 2007 1657 2060 fiducia>
1681 2021 1736 2060 ut
1781 2011 1919 2060 inter
1945 2010 2120 2059 bonos

454 2086 594 2150 agier
633 2097 884 2151 oportet,
918 2097 1018 2134 nec
1056 2099 1114 2132 ex
1154 2087 1364 2151 antiqua
1402 2083 1722 2151 simplicitate
1760 2125 1774 2147 ‚
1807 2080 1895 2134 sed
1924 2082 2120 2151 aliquid

451 2158 672 2209 monstri
697 2158 780 2221 ali,
811 2156 955 2225 quod
991 2157 1277 2224 aliquando
1305 2172 1598 2226 erupturum
1633 2155 1747 2208 effer
1774 2160 1830 2207 in
1855 2158 2118 2225 publicam

452 2232 896 2301 perniciemznihil
914 2247 1090 2282 eorum
1112 2249 1216 2299 quae
1234 2231 1499 2284 audierant
1514 2230 1836 2284 reticendum
1854 2229 1950 2282 effe
1965 2230 2126 2283 duxe-

452 2320 577 2359 runt
595 2351 608 2372 ,
624 2305 709 2356 sed
734 2307 918 2359 omnia
943 2319 1000 2357 ut
1035 2305 1079 2356 se
1103 2308 1357 2358 haberent
1382 2306 1569 2358 ordine
1607 2319 1906 2358 enarrarunt
1937 2303 2121 2356 Archi-

457 2381 649 2433 ducum
669 2382 876 2448 Legatis
900 2421 915 2444 ,
950 2396 1080 2447 quos
1106 2380 1400 2445 adjut-arunt
1429 2383 1476 2431 &
1502 2381 1736 2432 obtestati
1758 2380 1874 2431 sunt
1903 2392 1958 2429 ut
1988 2378 2123 2431 sum-

452 2458 613 2510 motis
660 2454 1122 2508 dissimulationum
1159 2456 1462 2523 ambagibus
1491 2469 1701 2522 ,atque
1739 2454 2025 2506 involucris
2048 2452 2127 2505 di-

455 2529 633 2582 lucide
661 2528 978 2581 sententiam
1008 2529 1146 2582 suam
1177 2530 1486 2598 suorumque
1517 2529 1838 2591 indica1·,ent
1876 2543 1981 2578 neu
2005 2544 2124 2579 mo-

455 2621 565 2658 ram
591 2607 985 2675 interponerent
1017 2618 1289 2677 propterea
1319 2604 1465 2675 quod
1490 2604 1597 2659 fine
1627 2616 1833 2660 tantum
1867 2603 1993 2655 anni
2024 2615 2122 2654 ter-

1945 2677 2119 2731 mina-
