2284 3132
423 141 522 200 ’ῑςι
749 137 873 185 ,ΒΕ
948 133 1332 186 INDVCIIS
1397 133 1632 184 BELLI
1753 195 1765 202 η

427 221 548 257 nere
567 218 699 255 onus
716 216 870 270 atque
887 202 1119 254 officium
1136 202 1443 271 suscepturus
1462 202 1557 255 effe
1574 201 1751 256 videor
1768 245 1781 268 ‚
1799 202 1834 257 fi
1847 203 2019 259 verbis
2044 205 2108 259 ad

430 278 808 331 assentiendum
833 280 1055 330 maxime
1072 278 1272 329 idoneis
1288 281 1337 329 &
1351 278 1777 345 accommodam,
1793 278 2109 333 demonstra·
2148 318 2152 321 -

430 371 485 405 rc
506 354 818 404 contendam
836 366 1090 422 quantum
1109 358 1456 404 communiter
1473 352 1724 420 expediat,
1745 355 1794 403 ὅς
1809 370 1868 404 ex
1883 354 2106 407 utilitate

433 429 638 496 publica
654 429 710 480 sit
726 427 951 478 inducias
967 426 1171 478 admitti
1185 425 1274 478 sub
1291 430 1351 490 ijs
1365 427 1752 478 conditionibus
1781 444 1889 495 quae
1913 430 1968 478 in
1992 445 2105 480 me-

437 505 581 552 dinm
597 503 756 554 allatae
772 502 1001 553 fuerunt.
1068 507 1208 572 Qis
1226 502 1722 568 Magnae-Britanniae
1738 504 1854 553 Rex
1878 506 2109 555 omnino

434 576 625 640 judicat
640 577 767 627 adeo
785 575 1092 627 commodas
1109 582 1157 626 &
1170 578 1312 628 utiles
1327 575 1423 628 esse
1438 575 1574 627 hisce
1588 575 2011 643 Provincij8‚tum
2038 578 2106 630 ad

434 650 832 702 conservandam
850 650 1172 719 dignitatem,
1193 665 1305 701 tum
1322 650 1385 701 ad
1400 649 1693 718 augendum
1712 654 1895 720 imperi
1901 653 1915 715 j
1937 651 2106 717 decus,

436 740 493 775 ut
508 728 659 776 etiam
691 727 727 778 si
747 726 972 777 Ordines
984 725 1080 777 suis
1095 726 1258 793 copiis
1276 740 1428 792 atque
1447 725 1636 778 viribus
1665 724 1786 778 freti
1804 740 1982 777 contra
1997 729 2107 780 vim

438 816 497 849 ac
513 804 796 867 potentiam
813 799 1208 852 adversariorum
1229 802 1331 853 sine
1349 802 1572 850 externis
1599 803 1889 850 amicorum
1921 801 2108 868 opibus

438 887 594 941 atque
610 876 807 936 auxiliis
825 874 950 925 stare
978 873 1200 941 possent,
1225 889 1398 926 tamen
1427 876 1627 924 ratione
1653 875 1885 925 utilitatis
1912 875 2109 929 inducti

440 965 523 1000 eas
552 946 819 1015 repudiare
848 965 960 999 non
988 947 1255 998 deberent.
1294 948 1437 1019 Qd
1463 954 1604 999 enim
1646 947 1812 1016 quaeso
1838 947 1950 1015 post
1967 950 2108 1016 gesta

437 1025 772 1074 continentur
789 1023 922 1073 bella
935 1025 1013 1075 vel
1029 1038 1197 1073 annos
1214 1038 1608 1090 centum,eaque
1624 1021 1939 1074 foeliciffimo
1954 1037 2109 1076 even-

438 1109 495 1147 tu
511 1099 786 1148 terminata
803 1097 1010 1163 potestis
1022 1096 1226 1164 sperare,
1249 1098 1324 1151 vel
1339 1100 1475 1151 votis
1490 1113 1680 1149 vovere
1695 1101 2035 1165 maius‚quam
2049 1112 2108 1153 ut

438 1170 567 1221 libet·
583 1172 813 1238 popquS,
834 1173 878 1220 δί
898 1172 1023 1224 nulli
1040 1172 1361 1223 subiestaiuri
1379 1171 1728 1239 dominioque
1761 1171 1880 1239 resp.
1909 1172 2110 1224 censea-

440 1247 571 1295 mini
592 1247 608 1294 ἓ
649 1249 720 1299 Vt
755 1245 943 1297 talibus
977 1247 1204 1315 auspiciis
1239 1263 1348 1298 non
1375 1245 1542 1298 solum
1571 1260 1690 1297 cum
1706 1247 2108 1315 praepotentibus

436 1319 653 1387 Europae
673 1319 907 1387 Regibus
923 1339 980 1372 ac
995 1322 1319 1389 Principibus
1341 1365 1353 1387 ,
1384 1324 1724 1374 verumetiam
1755 1337 1869 1371 cum
1886 1318 2112 1372 adversa-

440 1396 527 1456 rijs
545 1411 722 1460 pacem
743 1398 790 1445 δε
806 1397 1084 1447 amicitiam
1116 1396 1460 1448 contrahatis?
1492 1409 1631 1446 utne
1647 1411 1746 1463 qua
1771 1394 2111 1449 visinferatut

440 1467 774 1531 conscientijs
789 1513 803 1534 ,
823 1473 1106 1536 quominus
1124 1471 1306 1538 absque
1322 1484 1467 1522 metu
1492 1470 1806 1536 religionem
1839 1471 2110 1535 puriorem

439 1558 521 1593 am
530 1543 827 1610 plcetamini
843 1588 857 1610 ,
887 1550 1032 1597 cuius
1050 1544 1363 1613 potissimum
1381 1547 1445 1596 rei
1465 1544 1604 1595 cansa
1620 1544 1814 1594 bellum
1832 1542 2109 1608 susceptum

436 1616 504 1666 est
523 1631 700 1670 contra
717 1622 921 1687 Regem
934 1620 1270 1688 Hispaniam?
1293 1633 1346 1671 ut
1365 1619 1511 1673 vobis
1536 1621 1688 1669 liceat
1712 1615 2112 1669 difiunfflffimas

443 1701 693 1744 terrarum
723 1710 837 1745 oras
855 1737 868 1759 ‚
887 1696 1154 1746 &ultimas
1178 1694 1426 1746 Indorum
1456 1707 1633 1761 gentes
1660 1693 1988 1743 commerciis
2017 1691 2116 1743 fre-

443 1777 695 1830 quentare
715 1810 728 1830 ‚
755 1768 897 1834 quod
910 1769 1042 1831 ijuris
1057 1769 1265 1820 Francia
1282 1807 1294 1826 ,
1315 1770 1362 1818 δε
1379 1768 1878 1835 Magnae-Britanniae
1894 1782 2116 1833 regnum

442 1838 718 1904 impetrare
745 1858 858 1892 non
889 1845 1202 1909 potuerunt?
1233 1857 1303 1899 ut,
1339 1843 1482 1910 quod
1515 1840 1776 1911 possidetis
1794 1882 1810 1907 ³
1829 1841 2036 1910 pacifice
2053 1855 2113 1892 ac

444 1912 553 1964 fine
565 1914 753 1966 iniuria
767 1917 1104 1982 molestiaque
1116 1916 1427 1983 possideati3‚
1444 1915 1602 1985 idque
1619 1916 1707 1968 sub
1722 1914 1822 1967 fide
1853 1917 1899 1964 &
1914 1917 2112 1968 cautio-

442 2001 513 2036 ne
529 1987 732 2054 publica
762 1987 924 2040 duum
941 2007 1252 2057 magnorum
1274 1993 1515 2056 Regum?
1555 1990 1648 2041 Sed
1679 1991 1712 2041 si
1733 1992 1865 2042 vires
1891 1992 1940 2039 ὅ(
1957 1990 2114 2059 copiae

386 2070 394 2078 ’“
442 2075 773 2130 nequaquam
790 2066 938 2116 vobis
965 2064 1230 2133 suppetunt
1255 2079 1312 2116 ut
1328 2065 1491 2116 vestro
1519 2065 1690 2115 Marte
1706 2065 2004 2132 Provincias
2032 2081 2114 2117 ve-

443 2132 563 2185 stras
591 2139 717 2187 tueri
736 2136 930 2204 possitis
946 2152 1126 2189 contra
1140 2138 1530 2192 formidolosam
1550 2142 1653 2193 vim
1685 2151 1790 2190 tam
1806 2141 1962 2206 longe
1991 2139 2114 2191 late·

444 2226 545 2276 que
560 2209 876 2262 dominantis
892 2212 1150 2277 adversarij
1175 2261 1188 2279 ‚
1206 2216 1299 2266 nisi
1318 2215 1524 2281 Regum
1545 2217 1591 2265 ὃ(
1606 2214 1900 2282 Principum
1915 2215 2113 2266 vicino-

443 2299 559 2335 rum
587 2285 772 2352 opibus
811 2286 1110 2353 auxiliisque
1145 2288 1494 2341 sustentemini
1515 2331 1528 2353 ‚
1560 2306 1661 2355 qua
1693 2287 1904 2342 forsitan
1923 2287 2111 2340 fiducia

443 2359 561 2409 elati
592 2359 740 2419 justas
767 2362 816 2410 ὃς
841 2360 1086 2412 honestas
1114 2363 1444 2414 conditiones
1470 2365 1697 2430 accipere
1725 2363 2107 2428 dedignamini:

439 2434 593 2501 plane
612 2436 657 2482 ὅ(
676 2436 900 2500 ingenue
915 2436 1089 2500 testot5
1108 2436 1269 2500 edicO,
1287 2437 1528 2503 profiteor
1546 2452 1639 2504 pro
1656 2436 1906 2503 dignitate
1936 2435 2109 2504 perso-

439 2523 514 2557 nae
528 2523 682 2573 quam
704 2508 1001 2560 sustinemus
1018 2527 1078 2561 ex
1091 2510 1271 2561 officio
1287 2512 1444 2562 nobis
1465 2512 1700 2575 injuncto
1733 2552 1746 2572 ‚
1775 2513 1984 2575 Regem
2011 2527 2110 2562 no·

438 2581 595 2633 strum
613 2584 766 2634 nimis
804 2581 900 2636 effe
915 2583 1273 2641 observantem
1288 2585 1425 2656 fidei,
1442 2589 1595 2641 nimis
1608 2585 1898 2653 religiosum
1916 2587 1965 2639 iu
1974 2587 2109 2638 stitiae

1833 2658 2104 2720 cultorem,
