2284 3132
559 133 891 188 BELGICI
945 136 1177 190 LIBER
1245 139 1360 191 ῙῙῘ.1
1750 145 1846 211 '163

163 228 834 288 landorumrnentesamica
864 230 910 282 vi
933 227 1033 279 sese
1048 232 1184 282 vinci
1212 232 1262 281 ὅ(
1290 232 1570 299 expugnari
1587 233 1847 303 patiantur

161 325 192 360 a
210 304 451 360 consensu
475 316 795 369 ceterorum,
835 304 1021 371 quibus
1053 303 1352 373 suffragatur
1385 306 1602 361 duorum
1627 312 1842 380 Regum

160 383 279 435 huic
302 380 495 448 reipub.
511 377 931 430 amicissimorum
949 380 1123 430 testata
1139 379 1597 434 disertrsmandaus
1609 386 1845 438 authori

161 470 252 507 tas,
269 455 368 507 Sed
386 455 629 517 objicitur
641 452 953 506 sacrosanela
971 454 1067 512 lex,
1087 471 1187 521 qua
1204 458 1438 507 munitur
1466 458 1714 511 libertatis
1731 478 1845 514 ma·

155 530 325 597 jestas,
345 532 392 581 <Sc
407 534 732 594 exaequantur
748 532 855 591 jura
870 529 1125 580 sociorum
1146 547 1155 578 :
1177 533 1317 580 cuius
1342 548 1397 583 ea
1415 546 1595 599 mem,
1627 538 1764 587 ratio
1791 539 1841 588 &

157 607 396 658 voluntas
411 603 477 655 est
491 616 545 652 ut
560 602 689 653 nihil
710 619 771 670 pu
781 604 914 654 blica
927 604 1246 661 authoritate
1274 604 1471 656 decerni
1489 606 1639 673 poffit
1655 609 1838 677 preser-

156 682 253 732 tim
272 679 412 747 super
430 691 569 741 tante
586 678 741 727 molis
757 680 977 744 negotio
993 719 1009 744 ‚
1037 680 1131 730 nist
1151 680 1561 746 conspirantibus
1588 685 1641 732 in
1669 700 1836 736 unam

162 753 509 820 eamdemque
538 751 846 802 sententiam
875 750 1116 818 suffragiis
1146 758 1390 807 omnium
1422 756 1834 812 Provinciarum.

155 829 281 879 Non
295 828 363 879 est
376 826 550 877 nostrae
566 826 843 881 modestiae,
876 830 963 893 qui
992 827 1246 878 versamur
1271 831 1326 877 in
1357 830 1524 881 aliena
1543 833 1724 897 repub.
1753 838 1836 884 ni-

152 905 251 957 mis
264 902 455 954 curiosa
471 899 731 952 sedulitate
743 900 1212 967 vestrarumlegum
1244 902 1406 954 causas
1422 919 1578 974 atque
1604 909 1834 973 origines

150 977 409 1045 indagare,
429 974 619 1027 nedum
642 978 760 1025 earu
779 976 882 1026 vim
911 991 968 1025 ac
984 975 1145 1026 robur
1160 974 1347 1028 elidere
1365 991 1448 1029 aut
1465 982 1830 1033 enervare.Sed

150 1046 287 1103 nihil
305 1067 476 1103 tamen
497 1047 809 1101 commissuri
824 1048 1054 1100 videmur
1084 1051 1309 1102 alienum
1341 1069 1368 1103 a
1394 1051 1644 1119 dignitate
1670 1053 1830 1107 nostri

147 1127 344 1178 ordinis
361 1139 509 1193 atque
521 1121 766 1186 muneris„
785 1123 820 1175 fi
838 1121 1044 1190 scopum
1063 1126 1110 1173 &
1128 1125 1284 1176 finem
1305 1127 1432 1192 legis
1450 1127 1732 1195 prudenter
1746 1147 1832 1181 ex-

146 1200 375 1269 pendere
391 1200 622 1254 velimus,
641 1214 751 1268 quae
766 1197 963 1265 semper
978 1197 1246 1264 dirigenda
1269 1199 1337 1250 est
1355 1200 1417 1250 ad
1445 1204 1736 1269 principem
1767 1206 1828 1254 il-

144 1275 250 1328 lam
269 1278 316 1326 &
336 1275 623 1342 supremam
640 1275 809 1339 legem
826 1273 1030 1338 publice
1048 1272 1210 1323 salutis
1225 1287 1377 1341 atque
1394 1276 1641 1328 utilitatis.
1661 1276 1830 1344 Siqua
1883 1286 1886 1288 ’

144 1351 257 1402 talis
279 1349 579 1401 constitutio
595 1366 622 1399 a
638 1347 784 1398 vobis
799 1344 881 1396 san
891 1348 985 1396 cita
1004 1345 1163 1407 est,eo
1177 1347 1437 1415 speetatne
1464 1349 1667 1402 seorsim
1695 1369 1828 1419 quae*

129 1425 530 1494 ilueProvincia
557 1422 827 1475 consilium
866 1422 997 1470 inire
1028 1419 1177 1487 possit
1208 1421 1271 1473 de
1299 1425 1730 1476 reconciliatione
1767 1429 1823 1483 in

140 1502 358 1567 gratiam
376 1512 491 1548 cum
508 1496 762 1550 veteribus
778 1494 1121 1557 domini5,neu
1141 1497 1303 1562 paetio
1318 1499 1358 1547 al
1370 1500 1484 1563 iqua
1501 1498 1587 1549 frat
1604 1501 1743 1550 unde
1761 1501 1824 1550 li-

141 1575 347 1625 bertatis
362 1574 469 1634 jura
483 1574 783 1623 minuantur
805 1585 941 1619 :non
960 1582 1128 1620 autem
1145 1583 1197 1620 ut
1216 1571 1606 1639 impedimento
1623 1574 1719 1624 effe
1737 1573 1826 1626 de-

140 1647 256 1698 beat
274 1645 584 1699 eiuscemodi
599 1647 690 1709 lex,
708 1645 986 1712 quominus
1002 1660 1150 1711 aequo
1167 1645 1367 1696 foedere
1384 1650 1436 1694 itt
1469 1663 1643 1713 pacem
1659 1661 1817 1716 atque

137 1724 421 1774 amicitiam
438 1723 613 1772 venire
627 1721 797 1770 liceat.
835 1718 1051 1784 Alioqui
1069 1719 1205 1786 quod
1222 1720 1486 1770 firmandae
1501 1722 1749 1773 libertatis
1766 1725 1818 1773 ἃς

139 1797 430 1865 aequalitatis
446 1794 663 1847 consilio
680 1804 940 1860 repertum
959 1793 1028 1843 est
1043 1835 1056 1856 ‚
1075 1793 1126 1842 id.
1143 1797 1196 1844 in
1229 1810 1445 1844 omnem
1476 1798 1594 1846 redii
1622 1797 1818 1849 ordinis

143 1873 489 1931 eversionem,
510 1872 627 1920 &in
654 1866 924 1936 superbam
944 1883 1232 1936 paucorum
1252 1868 1668 1921 dominationem
1690 1887 1818 1921 con-

138 1950 561 2014 verteretur.Q
576 1944 710 1994 nihil
723 1941 984 1993 absurdius
1002 1945 1050 1992 &
1070 1944 1279 1993 alienius
1294 1961 1318 1993 a
1335 1946 1596 2010 proposito
1613 1946 1817 2012 legissa-

138 2033 314 2071 torum
332 2018 431 2069 dici
447 2032 530 2069 aut
546 2020 818 2084 excogitari
835 2016 1014 2085 potest.
1052 2017 1554 2083 Distinguendalunt
1572 2033 1810 2085 tempora

137 2108 196 2146 ut
212 2091 674 2170 poffintconmlrari
687 2091 944 2159 scripturae
974 2091 1132 2143 Paulo
1147 2107 1291 2143 mon
1300 2108 1424 2143 ento
1449 2108 1645 2159 magnae
1677 2093 1811 2145 fiunt

136 2186 194 2221 m
207 2169 380 2237 repub
398 2169 851 2231 commutationeS,
868 2168 915 2215 &
930 2169 1243 2234 permultum
1261 2168 1492 2230 interest,
1512 2167 1649 2217 idem
1679 2167 1809 2219 illud

134 2257 306 2296 utrum
334 2258 421 2293 ant
429 2259 456 2292 e
480 2258 545 2292 an
573 2240 1018 2309 postdecernatur‚
1034 2241 1336 2309 suscipiatur,
1373 2256 1566 2309 agatur.
1607 2243 1804 2296 Natura

134 2319 438 2371 mortalium
457 2317 690 2384 proclivis
706 2316 770 2366 ad
787 2315 975 2383 lapsum
992 2320 1202 2386 optimis
1215 2317 1416 2384 legibus
1404 2286 1684 2367 Dcondedis
1712 2333 1801 2368 oe-

137 2394 398 2446 cafionem
417 2391 573 2442 dedit.
605 2391 675 2441 Ex
690 2392 848 2458 pravis
862 2392 1093 2442 moribus
1124 2393 1171 2440 &
1198 2390 1394 2441 deliciis
1426 2392 1646 2442 aliorum
1665 2392 1802 2459 apud

138 2467 307 2519 bonos
327 2467 558 2533 exempla
574 2464 788 2516 honesta
814 2468 1113 2533 gignuntur.
1187 2465 1235 2515 Si
1251 2464 1335 2516 sua
1360 2464 1543 2532 sponte
1568 2466 1804 2517 librari&

137 2541 264 2594 stare
276 2538 462 2608 posset
450 2541 655 2608 imperii
675 2555 856 2606 corpus
871 2538 1057 2608 absque
1072 2541 1248 2608 legum
1264 2539 1521 2612 prasidio,
1557 2556 1666 2590 non
1684 2539 1804 2592 esset

130 2618 194 2684 ijs
208 2631 352 2688 opus:
366 2614 808 2687 quemadmodum
824 2630 986 2672 nemo
1002 2613 1260 2743 medietim
1279 2613 1545 2670 adhiberet
1560 2615 1796 2744 Γὲοηηίἱςε

1294 2705 1325 2741 2
1614 2705 1710 2742 rmi
1753 2707 1794 2742 ι-
