2284 3132
642 164 951 222 BEL'GICI
1017 172 1245 226 LIBER
1327 177 1371 226 1.
1778 167 1843 241 ‘35

182 250 443 302 tationem
469 253 748 317 compotita
772 255 926 306 verba
941 254 1244 309 videbantur
1265 301 1278 321 ,
1310 259 1576 328 minusque
1593 255 1716 311 fidei
1744 261 1845 311 ob-

182 325 418 377 tinebant
433 326 562 392 apud
577 342 664 376 eos
680 330 769 395 qui
786 330 958 379 aulicis
978 331 1166 380 artibus
1191 332 1538 398 insueverant,
1578 337 1844 401 &ingenia

177 399 515 467 Hispanorum
534 400 696 467 probe
714 402 1127 454 callebant.Nam
1149 421 1205 455 ut
1233 406 1462 457 humane
1495 408 1710 459 concedi
1726 409 1841 477 pos-

173 472 416 540 setipsam
434 476 591 540 Regis
612 474 879 540 personam
908 479 1044 543 regia
1057 484 1475 545 magnanimitate
1492 485 1559 546 ,ὃς
1572 500 1626 532 ex
1645 484 1840 535 sincero

178 547 346 597 cordis
372 547 554 599 affeetu
583 564 693 597 rem
725 547 910 601 saetam
937 566 1110 617 cupere
1127 595 1140 615 ,
1175 557 1285 620 quis
1304 555 1597 606 credcrcttn
1616 556 1833 611 eandem

173 621 495 674 voluntatem
521 622 646 673 serio
677 623 956 691 conspirare
996 640 1191 677 mentes
1229 622 1639 681 consiliariorum
1672 633 1718 679 ἃ
1749 631 1835 682 ad-

173 695 526 748 ministrorum
550 700 652 747 eius
678 737 692 759 ,
727 713 857 763 quos
875 696 1071 749 constat
1088 702 1450 766 capitaliodio‚
1467 706 1514 752 &
1543 703 1732 771 prorsus
1755 708 1836 754 in·

171 769 413 836 expiabili
446 787 562 823 cum
588 770 872 822 Ordinibus
887 769 1157 824 diffidere?
1187 774 1522 843 Subsequutus
1547 779 1619 828 est
1648 781 1836 828 oratio-

174 860 300 894 nem
338 849 490 910 patris
534 847 649 911 Ney
679 843 1055 897 Audientiarius
1089 849 1416 915 Verreycken
1454 893 1467 914 ‚
1516 868 1615 903 nec
1661 854 1833 902 minus

170 916 439 985 splendide
463 936 520 970 ac
535 918 809 985 magnifice
837 920 1186 987 depraedicavit
1216 924 1589 989 sinceritatem,
1609 927 1833 975 clemen-

172 994 297 1043 tiam
311 994 360 1043 δε
373 992 811 1045 mansuetudinem
826 994 1273 1047 Serenissimorum
1303 997 1739 1066 Ai‘cliiductini‚qu
1748 1015 1831 1050 am

169 1065 363 1134 semper
378 1067 740 1119 abhorruerint
753 1085 780 1118 a
797 1068 1010 1120 caedibus
1029 1113 1042 1133 ‚
1063 1074 1109 1120 ὃς
1126 1072 1360 1122 civilibus
1376 1071 1631 1133 discor-dijs
1648 1110 1659 1126 ,
1676 1089 1832 1139 quam

169 1139 405 1207 flagranti
431 1141 983 1194 defiderioinclinarint
1001 1144 1062 1194 ad
1073 1161 1270 1212 pacem.
1317 1146 1476 1196 Cuius
1506 1150 1574 1197 rei
1590 1162 1702 1196 non
1733 1145 1832 1197 ess'e

169 1215 498 1281 quaerendum
513 1215 720 1267 aliunde
734 1216 965 1267 illustrius
981 1235 1124 1269 exem
1133 1221 1451 1286 plum‚quam
1472 1219 1829 1280 domesticum,

166 1289 310 1355 quod
325 1291 466 1342 nulla
484 1289 767 1342 necestitate
783 1292 1060 1353 construit}
1080 1293 1332 1358 generosae
1349 1295 1622 1345 voluntatis
1647 1294 1834 1344 instin-

154 1365 370 1427 &u‚tam
388 1379 622 1432 prompta
637 1367 683 1414 &
697 1364 942 1432 propensa
955 1365 1192 1416 facilitate
1205 1366 1521 1420 indulsissent
1539 1366 1830 1417 Ordinibus

163 1454 223 1489 ea
239 1439 424 1504 quibus
441 1439 574 1489 nihil
592 1441 755 1502 majus
767 1441 1518 1507 voverepoterfitpostlongam
1545 1441 1716 1492 seriem
1747 1457 1829 1491 ca·

162 1511 518 1565 lamitofiffimi
534 1513 680 1563 belli.
709 1513 846 1564 Nam
862 1514 1160 1579 inlegitima
1186 1516 1427 1576 causa,vel
1444 1514 1564 1565 salte
1586 1515 1826 1566 honestus

162 1587 309 1638 color
327 1586 483 1638 fuerit
503 1603 586 1637 cur
601 1586 789 1637 subditi
816 1589 1050 1654 gravibus
1082 1588 1538 1656 aerumnisoppress]
1568 1593 1623 1640 in
1653 1589 1823 1638 domi-

162 1677 264 1713 nos
290 1661 647 1714 insurrexerint
679 1704 692 1726 ,
738 1678 851 1712 non
883 1661 1062 1714 eadem
1091 1665 1337 1730 aequitatis
1364 1666 1493 1713 ratio
1521 1664 1762 1713 militabit
1789 1664 1825 1715 st

160 1736 297 1800 justae
311 1734 635 1786 conditiones
648 1737 781 1803 pacis
796 1735 1140 1803 repudientur.
1184 1736 1331 1787 Nihil
1350 1740 1492 1787 enim
1511 1738 1647 1788 aliud
1675 1739 1827 1787 armis

159 1813 443 1879 quaesitum,
462 1824 543 1860 aut
556 1812 708 1875 quaeri
733 1824 969 1877 oportere
988 1852 1001 1874 ‚
1038 1827 1193 1878 quam
1209 1824 1266 1861 ut
1279 1824 1392 1860 tuto
1406 1828 1464 1862 ac
1480 1811 1588 1862 secu
1599 1829 1650 1862 re
1666 1814 1718 1862 in
1738 1829 1825 1878 pa-

163 1902 221 1936 ce
238 1888 448 1938 vivatur.
498 1884 794 1935 Praetextum
816 1883 936 1934 belli
962 1883 1112 1936 fuisse
1142 1888 1615 1953 propugnationem
1647 1889 1826 1952 capitis

164 1976 223 2010 ac
249 1959 500 2011 libertatis
528 1953 710 2009 contra
733 1961 949 2009 nimiam
964 1961 1075 2012 vim
1106 1959 1402 2010 &saevitiam
1432 1962 1688 2026 regiorum
1707 1976 1825 2026 prae.

162 2033 435 2085 fediornm.
515 2031 671 2102 Qd
700 2032 872 2099 postea
887 2036 1087 2084 tentatis
1110 2034 1287 2084 frustra
1312 2034 1482 2083 multis
1510 2032 1744 2103 remediis
1760 2033 1824 2084 ad

163 2107 270 2159 haec
283 2122 506 2158 extrema
533 2120 748 2160 ventum
767 2108 825 2159 fit
853 2149 866 2170 ‚
900 2120 954 2157 ut
980 2108 1186 2174 publico
1218 2108 1432 2159 confilio
1459 2106 1820 2158 decerneretur

161 2183 365 2249 Regem
392 2182 542 2232 omni
570 2196 753 2246 genere
770 2179 1056 2242 hostilitatis
1083 2180 1482 2251 persequendum
1504 2180 1732 2248 civesque
1748 2180 1820 2232 sa-

165 2269 438 2308 cramento
463 2255 720 2306 fidelitatis
748 2253 945 2305 solutos
973 2254 1164 2319 videri,
1196 2257 1248 2306 id
1275 2272 1342 2306 eo
1371 2259 1624 2322 pertinere
1651 2268 1708 2304 ut
1737 2255 1820 2307 sua

163 2332 292 2382 tueri
319 2330 542 2381 debeant
577 2344 691 2379 cum
726 2328 1125 2380 moderamento
1153 2331 1422 2396 inculpatae
1471 2328 1816 2392 defeiifioni5‚

168 2421 279 2456 non
305 2418 472 2457 autem
499 2417 559 2455 ut
575 2403 743 2453 aliena
787 2402 1030 2455 invadant
1068 2421 1185 2456 cum
1227 2403 1484 2468 maleficio
1516 2404 1563 2451 δε
1601 2404 1782 2452 iniuria
1802 2443 1816 2464 ,

168 2481 264 2532 nis1
289 2479 427 2531 forte
455 2480 616 2548 placet
647 2476 771 2529 illud
798 2477 1158 2543 improbissimi
1177 2475 1412 2542 cuiusque
1445 2475 1679 2527 facinoris
1709 2492 1816 2524 eni-

173 2554 410 2621 p'lastrum
445 2595 459 2618 ,
491 2553 623 2606 nihil
670 2553 767 2603 esse
810 2546 1048 2617 iniquum
1082 2552 1223 2620 quod
1269 2567 1389 2602 cum
1432 2552 1652 2600 utilitate
1690 2552 1736 2598 ὅ(
1771 2567 1822 2599 c-

169 2629 500 2681 molumento
528 2627 866 2693 conjunstum
890 2626 1301 2693 fit,nechonesta
1332 2642 1357 2674 a
1385 2626 1610 2695 turpibus
1624 2626 1823 2743 rationtlt

1143 2707 1148 2711 ’
1248 2701 1286 2751 E
1350 2715 1379 2749 z
1741 2713 1800 2750 ve
