2284 3132
407 164 497 205 1102
832 142 931 189 DE
997 134 1372 188 INDVCIIS
1440 130 1663 181 BELLI

409 254 470 287 ex
486 228 680 285 mdidlo
696 240 962 280 conventu
978 239 1172 276 certum
1192 220 1314 291 quid
1330 235 1387 270 ac
1404 217 1676 270 definitum
1697 215 1842 269 statui
1861 218 1966 271 sine
1979 216 2083 273 ulla

412 307 834 359 dissitnulatione.
872 299 1190 367 Responsum
1211 295 1298 358 est,
1316 308 1369 345 ut
1385 295 1657 361 oportebat
1675 311 1701 343 a
1720 291 1831 343 fidis
1864 292 2087 343 admini-

416 384 521 435 stris
538 424 550 445 ‚
569 396 678 429 non
698 377 794 429 esse
808 377 881 426 fas
894 375 1125 424 dubitare
1146 370 1207 421 de
1226 384 1405 421 eorum
1425 370 1585 418 animi
1601 369 1912 433 sinceritate,
1951 371 2087 417 cuius

419 471 499 508 tot
514 455 726 504 illustria
744 452 1054 501 documenta
1070 446 1392 506 habere-nt‚ut
1410 445 1535 493 votis
1553 455 1730 508 optare
1746 442 2090 493 luculentiora

423 547 533 583 non
553 526 759 596 possint.
779 524 920 597 Qd
936 538 1074 574 enirn
1092 522 1248 587 magis
1265 515 1852 582 inauditum‚minusque
1871 514 2090 567 credibi-

423 607 474 656 le
485 618 716 671 unquam
730 600 842 662 fuit,
857 613 1012 666 quam
1029 610 1082 645 ut
1095 610 1240 662 atquo
1256 591 1452 641 foedere
1469 593 1679 643 maximi
1697 591 1954 657 Principes
1971 605 2093 641 cum

426 680 521 731 suis
552 679 681 727 olim
707 674 916 726 subditis
944 671 1245 722 societatem
1273 669 1322 715 δε
1349 667 1630 717 amicitiam
1656 667 1782 717 inire
1800 664 2092 730 dignentur,

429 750 849 818 transcripto-jure
865 747 1102 814 supremae
1119 741 1372 810 potestatis
1390 784 1402 805 ,
1415 756 1571 808 quani
1587 754 1736 789 antea
1753 738 1957 788 summo
1975 753 2096 788 cum

430 830 668 878 omnium
683 822 946 872 Ordinum
964 816 1204 869 consensu
1219 814 1429 881 pacifice
1443 817 1657 865 maiores
1674 829 1855 864 eorum
1870 809 2101 878 poss'edis-

437 900 546 953 sent
561 904 577 949 ἒ
593 899 718 949 Non
733 896 843 947 satis
859 896 998 944 bona
1015 892 1095 941 sua
1112 890 1419 955 intelligere,
1437 904 1534 939 nec
1554 891 1700 954 gratis
1728 890 1911 937 animis
1939 886 2097 939 bene-

442 975 558 1027 ficia
575 974 787 1024 deorum
802 966 1118 1035 interpretari
1136 979 1221 1014 eos
1250 1004 1264 1026 ‚
1292 966 1381 1029 qui
1405 965 1522 1013 talia
1547 961 1793 1012 fastidiose
1817 959 2102 1025 tra-ducant,

443 1067 552 1116 quae
565 1038 1217 1114 potiusveneraridebebat
1246 1052 1489 1103 tanquam
1516 1037 1699 1086 ancilia
1715 1036 1854 1086 coelo
1881 1032 2099 1102 delapsa.

444 1123 544 1174 Sed
559 1121 666 1172 fieri
683 1121 984 1187 plerumque
1010 1125 1284 1164 utinentes
1296 1113 1432 1162 elatae
1449 1112 1598 1162 rebus
1622 1109 1854 1161 secundis
1884 1109 2103 1162 modum

444 1197 634 1249 servare
651 1210 763 1245 non
773 1192 963 1260 possint
998 1231 1013 1252 ‚
1029 1204 1129 1238 nec
1143 1186 1294 1237 facile
1319 1185 1517 1238 adversa
1537 1184 1734 1236 casuum
1751 1194 1980 1251 reputant
1994 1187 2105 1251 qui-

449 1272 542 1322 bus
567 1269 777 1321 fortuna
801 1266 1000 1332 >semper
1029 1263 1201 1313 arrisit.
1241 1261 1398 1310 Nulla
1434 1257 1730 1309 necessitate
1764 1260 1861 1309 alia
1876 1258 2110 1325 compul-

447 1345 524 1396 sus
538 1344 604 1395 est
622 1346 735 1393 Rex
762 1337 1143 1391 &Archiduces
1176 1350 1259 1397 ‚ut
1286 1334 1349 1385 ad
1373 1350 1550 1401 pacem
1571 1332 1836 1400 petendam
1864 1333 2112 1384 Oratores

455 1422 721 1470 mitterent
736 1459 748 1480 ,
768 1418 935 1465 &iura
949 1411 1228 1472 Maiestatis
1243 1411 1550 1477 resignarent
1564 1450 1577 1470 ,
1595 1425 1746 1474 quam
1762 1409 1834 1458 ob
1849 1408 2024 1475 populi
2041 1405 2113 1458 sa-

455 1495 634 1557 lutem,
651 1508 756 1558 quae
773 1489 1000 1557 suprema
1019 1488 1094 1536 lex
1111 1484 1178 1535 est
1193 1528 1207 1548 ,
1243 1484 1305 1535 ad
1321 1500 1477 1551 quam
1504 1480 1725 1533 aetione's
1754 1484 2116 1549 magnanimo-

455 1584 570 1619 rum
589 1567 887 1632 Principum
919 1563 1065 1628 dirigi
1081 1559 1269 1611 debent
1286 1562 1425 1620 ,&ut
1442 1572 1720 1625 parceretur
1745 1558 1982 1608 ‘humano
2003 1556 2116 1607 san-

461 1643 618 1708 guini,
641 1656 737 1690 neu
756 1638 1018 1689 consortes
1033 1635 1205 1703 populi
1225 1636 1414 1684 mutuis
1432 1632 1646 1683 caedibus
1670 1634 1722 1681 in
1756 1634 1918 1699 patriae
1934 1631 2118 1682 viscera

462 1715 647 1765 diutius
660 1714 899 1766 saevirent.
946 1708 1242 1760 Hocmodo
1258 1709 1375 1774 cogi
1410 1724 1522 1757 vera
1539 1708 1747 1757 libertas
1760 1707 1855 1769 est,
1872 1722 1984 1758 vera
2008 1721 2121 1758 ma-

461 1789 609 1852 jestas
623 1825 634 1843 ‚
671 1803 764 1836 nec
790 1788 880 1837 ulli
895 1784 1163 1834 iustiorem
1177 1783 1568 1835 venerationem
1583 1797 1815 1832 meruere
1833 1822 1846 1842 ‚
1862 1796 2014 1848 quam
2029 1783 2120 1846 qui

466 1864 744 1912 clementia
770 1862 817 1909 δε
841 1856 1232 1909 mansuetudine
1259 1857 1526 1922 imperium
1551 1869 1915 1922 temperavere.
1963 1854 2121 1906 Nulla

464 1938 651 1988 Virtute
681 1935 910 1983 mortalis
937 1930 1170 1982 conditio
1182 1933 1382 1998 propius
1406 1928 1467 1980 ad
1484 1929 1668 1981 divinae
1683 1943 1871 1981 naturae
1894 1930 2124 1981 similitu-

470 2009 644 2059 dinem
670 2007 895 2072 accedit,
928 2022 1088 2074 quana
1114 2005 1272 2056 salute
1299 2004 1586 2054 multorum
1614 2003 2126 2070 procuranda‚igno-

470 2083 816 2149 scendolapsts
832 2123 845 2144 ,
884 2079 1222 2132 succurrendo
1248 2078 1463 2133 afflistis,
1508 2079 1760 2145 parcendo
1801 2078 2122 2146 supplicibus·

469 2158 640 2224 Scipio
668 2156 936 2206 Africanus
949 2155 1097 2222 pluris
1111 2153 1383 2203 aestimabat
1400 2154 1612 2218 gloriam
1628 2152 1803 2205 servati
1829 2155 2123 2220 civi5,quam

471 2231 623 2281 decus
650 2246 815 2280 omne
841 2229 1241 2296 triumphorum.
1292 2228 1417 2280 Non
1448 2226 1568 2278 ideo
1593 2226 1780 2278 debere
1797 2227 2023 2279 Ordines
2051 2229 2130 2279 vel

470 2308 625 2355 nimis
659 2304 937 2371 magnifice
974 2303 1035 2355 de
1069 2304 1256 2355 viribus
1288 2301 1382 2352 suis
1417 2301 1599 2353 sentire
1628 2343 1642 2365 ‚
1680 2302 1764 2353 vel
1798 2301 1989 2368 sequius
2016 2302 2127 2366 opi-

470 2382 581 2430 nari
606 2378 665 2429 de
680 2379 885 2430 sublimi
915 2379 1094 2428 animo
1120 2376 1446 2442 augustorum
1476 2377 1694 2427 heroum
1721 2416 1738 2441 ,
1771 2376 1914 2441 quasi
1937 2375 2011 2423 ob
2039 2372 2129 2425 de-

469 2452 808 2519 sperationem
840 2452 1056 2502 vicioriae
1083 2453 1234 2518 primi
1260 2453 1500 2501 tentarint
1516 2453 1629 2508 ,vias
1659 2448 1890 2498 ineundae
1915 2464 2129 2515 compo-

477 2528 698 2579 fitioniS.
771 2527 907 2577 Nam
940 2530 994 2574 in
1023 2538 1122 2576 tam
1147 2524 1387 2575 laudabili
1420 2525 1554 2577 facto
1577 2525 1744 2590 potior
1776 2522 1843 2572 est
1871 2524 2013 2574 causa
2043 2539 2130 2574 oc-

474 2603 730 2671 cupantis,
784 2600 968 2653 Oratio
993 2600 1148 2673 plena
1173 2598 1431 2668 dignitatis
1472 2596 1837 2669 videbatunsed
1863 2596 1925 2653 ad
1964 2598 2133 2650 effica-

1716 2692 1720 2696 “
2001 2686 2134 2725 ciam
