2284 3132
630 136 952 188 BELGICI
1015 136 1236 185 mara
1304 138 1341 184 1.
1782 154 1837 202 gt

166 221 379 293 suisipse
393 224 957 292 vitijsatqueintestinis
973 221 1308 276 seditionibus
1324 222 1841 288 collidantur‚discor-

167 298 276 368 diq3
291 300 919 367 libertatelasciviant‚quae
938 303 1124 369 tanqua
1142 301 1338 366 gladius
1350 298 1419 348 est
1437 301 1488 348 in
1508 314 1663 351 manu
1679 300 1837 353 furio-

171 375 226 436 fi,
244 376 335 427 nisi
353 375 615 426 moderate
630 373 887 437 homine3‚
909 391 966 424 ac
984 388 1323 440 temperanter
1343 390 1398 423 ea
1412 386 1638 423 utantur.
1690 377 1837 426 Con-

169 452 469 499 tentionum
489 462 664 500 autem
683 464 743 498 ac
760 447 1077 498 dissidiorum
1096 449 1280 498 semina
1308 464 1417 497 non
1448 447 1649 513 possunt
1676 454 1834 516 aptius

167 523 224 570 in
241 525 442 573 turbam
461 523 648 590 spargi,
664 538 820 589 quam
838 540 922 590 per
936 523 1198 573 illecebras
1229 524 1363 587 pacis
1384 536 1468 570 ant
1486 523 1831 576 induciarum.

168 595 326 647 Nulla
343 613 543 649 venena
559 596 842 662 praesentius
858 609 1222 662 nocent,quam
1241 613 1347 660 quae
1361 594 1670 660 sapidissimis
1702 600 1827 648 cibis

167 668 522 722 admiscentur.
559 670 716 720 Pisces
730 686 839 719 non
867 684 1162 737 caperentur
1183 668 1342 718 hamo
1358 670 1449 719 niti
1480 669 1641 719 escam
1662 674 1834 723 morsu

166 758 490 813 appeterent.
507 743 751 794 Similiter
767 745 907 794 nulla
924 742 1068 810 pestis
1085 743 1343 793 efficacior
1358 742 1501 792 estad
1515 745 1832 811 nocendum,

166 834 325 884 quam
340 836 444 887 quae
459 817 549 868 sub
564 818 816 885 plausibili
834 817 1094 869 vocabulo
1130 820 1314 881 tegitur
1347 857 1364 883 ,
1385 819 1432 866 ὅ(
1465 819 1544 867 cui
1577 819 1830 885 populari-

164 896 285 943 tatis
298 893 446 945 favor
464 892 787 943 adblanditur
807 931 817 942 .
846 893 1153 956 -Nonigitur
1181 890 1358 941 frustra
1389 893 1636 941 timentur
1659 894 1830 945 insidi-

163 965 411 1035 osaepacis
446 966 583 1017 mala
613 1006 627 1027 ‚
663 983 762 1016 neu
791 965 1024 1017 credulos
1052 965 1227 1031 Belgas
1253 964 1465 1014 induciae
1491 967 1741 1016 inducant
1770 970 1826 1018 in

123 1066 130 1072 -
163 1039 397 1093 fraudem
425 1043 867 1092 actentationem.
939 1040 1078 1090 Nam
1111 1055 1268 1106 quum
1303 1039 1443 1089 bello
1474 1039 1823 1107 contenditur,

163 1114 539 1167 hostilis'ti'mor
562 1118 812 1182 optimum
841 1113 913 1165 est
939 1114 1230 1164 concordia:
1244 1114 1525 1177 vinculum,
1546 1116 1592 1163 ὅ(
1611 1117 1742 1165 cives
1767 1119 1824 1168 in

161 1190 462 1242 obedientia
489 1189 627 1240 fideli
648 1188 1182 1256 continet‚postquam
1216 1202 1421 1239 remoto
1441 1201 1654 1238 externo
1679 1203 1824 1241 metu

163 1264 451 1317 fimnltates·
475 1280 704 1316 exercere
741 1276 885 1315 vacat
920 1305 933 1326 ‚
969 1264 1275 1330 plerumque
1314 1264 1535 1314 civitates
1565 1264 1824 1329 opulentae

162 1342 351 1390 nmtuis
383 1339 797 1389 aemulationibus
824 1340 962 1388 inter
990 1335 1038 1386 se
1071 1336 1387 1402 confligunt,
1430 1338 1657 1403 &patriae
1695 1340 1822 1390 vires

160 1415 219 1463 in
235 1414 409 1464 matris
426 1412 613 1464 viscera
641 1424 1022 1464 convertuntur.
1055 1417 1172 1482 Qua
1201 1413 1404 1460 ratione
1432 1423 1604 1460 motus
1646 1410 1821 1479 Scipio

163 1487 348 1540 Nasica
387 1487 581 1538 Catoni
607 1485 951 1540 adversabatur
977 1527 994 1552 ,
1025 1488 1073 1536 ὅ(
1100 1485 1319 1536 nolebat
1345 1485 1580 1535 aemulam
1616 1485 1820 1552 Imperij

158 1563 393 1613 Romani
424 1560 798 1628 Carthaginem
838 1559 1060 1612 exscindi
1103 1602 1116 1625 ,
1153 1561 1340 1613 veritus
1376 1576 1447 1610 ne
1467 1558 1632 1610 soluta
1675 1573 1821 1611 metu

162 1641 338 1690 civitas
380 1635 573 1686 deliciis
616 1652 673 1686 ac
700 1637 820 1688 luxu
857 1638 1100 1688 virtutem
1142 1638 1410 1703 antiquam
1440 1631 1819 1685 effoeminaret.

162 1709 329 1762 Porro
356 1711 391 1762 si
417 1711 514 1761 tale
543 1708 666 1777 quid
696 1712 949 1761 exoriatur
975 1751 988 1774 ‚
1023 1708 1293 1777 quodnam
1318 1710 1412 1758 erit
1436 1709 1562 1759 mali
1605 1707 1819 1758 remedi«

160 1801 253 1836 um
280 1788 295 1836 ἒ
332 1787 468 1838 cuius
498 1783 806 1848 authoritate
838 1784 948 1835 lites
973 1784 1132 1834 istae&
1161 1796 1441 1833 certamina
1478 1781 1818 1832 dirimentur?

159 1860 280 1911 Huc
305 1859 495 1911 accedit
522 1856 663 1925 quod
685 1876 774 1927 per
804 1861 939 1926 pacis
969 1858 1296 1909 conditiones
1324 1853 1515 1907 neceffe
1543 1859 1637 1905 erit
1669 1872 1816 1906 exau-

162 1935 362 1986 thorari
392 1936 668 1984 maximam
700 1947 893 2000 partem
923 1934 1151 1983 militum
1184 1932 1367 1994 ,urbes
1397 1930 1654 1997 plerasque
1700 1944 1817 1996 prae:

161 2009 298 2070 fidijs
323 2008 504 2059 nudari
529 2049 543 2070 ,
580 2006 838 2059 cessabunt
878 2008 1292 2057 contributiones
1318 2022 1345 2054 a
1372 2017 1668 2054 neutrarum
1708 2020 1816 2069 par·
1841 2045 1851 2051 .

161 2086 290 2136 tium
314 2081 670 2149 sequutoribus
692 2081 818 2135 solvi
835 2080 987 2131 solitae
1005 2080 1069 2131 ad
1099 2077 1451 2130 redimendum
1480 2093 1547 2126 ne
1576 2075 1699 2142 quid
1723 2075 1827 2125 ho—⁴

160 2157 269 2208 stile
298 2158 566 2224 patiantur.
585 2157 701 2207 Nec
722 2158 814 2207 erit
841 2157 990 2206 color
1020 2170 1105 2205 cur
1132 2154 1270 2206 aliter
1285 2153 1393 2215 fiat,
1420 2151 1681 2219 praesertim
1699 2152 1732 2202 si
1762 2149 1817 2199 id

161 2233 229 2283 ab
267 2229 638 2281 Archiducibus
664 2230 1007 2297 indulgeatur.
1065 2228 1217 2279 Nulli
1247 2241 1400 2293 porro
1430 2225 1625 2276 facilius
1648 2226 1816 2291 oppri-

162 2318 377 2371 muntur
392 2320 547 2372 quam
565 2304 740 2369 quini-l
762 2306 979 2369 timent,
1014 2318 1098 2354 aut
1116 2305 1205 2370 qui
1235 2302 1594 2368 imparatisunt
1614 2298 1675 2347 ad
1703 2297 1815 2348 resi-

162 2379 416 2431 stendum.
528 2379 733 2446 Qbu‘s
772 2391 941 2429 autem
988 2377 1217 2438 subsidiis
1253 2390 1336 2425 aut
1381 2374 1561 2440 opibus
1594 2372 1812 2421 tuebun-

162 2467 244 2506 tur
284 2457 435 2506 unitae
471 2453 747 2505 Provinciae
780 2460 928 2502 maris
954 2449 1339 2520 possessionem,
1378 2445 1521 2514 quod
1562 2458 1707 2511 caput
1742 2442 1812 2493 est

159 2528 394 2600 ipsorum
408 2529 644 2600 potentiae
663 2543 722 2581 ac
744 2526 1167 2595 magnitudinis,fi
1179 2524 1424 2594 portoria,
1444 2522 1481 2575 st
1499 2530 1821 2573 commeatus

1708 2604 1819 2645 non
