2284 3132
392 115 493 181 350
832 107 934 160 DE
997 102 1371 178 INDVCIIS
1430 100 1648 152 BELLI

396 206 482 259 vel
511 198 725 254 evidens
750 197 938 248 utilitas
971 193 1188 259 suadeat,
1210 210 1279 245 ne
1308 207 1464 244 aureo
1481 193 1579 243 reti
1595 186 1771 258 piscari
1788 187 2080 247 videantur.-

395 280 560 331 Porro
574 290 686 325 non
715 271 871 323 debet
901 270 1006 321 hoc
1037 269 1229 320 bellum
1263 269 1486 318 obtentu
1513 264 1825 317 necessitatis
1853 266 2079 326 defendi,

403 367 565 421 quum
587 346 844 400 beneficio
861 345 1184 396 induciarum
1204 342 1450 394 declinari
1478 340 1630 408 possit
1659 357 1671 388 :
1719 356 1821 391 nec
1850 345 2083 396 utilitatis

404 430 609 478 ratione
628 420 992 490 capessendum
1009 418 1099 482 est,
1119 434 1279 485 quum
1293 414 1681 484 utrinquenihil
1699 420 2085 486 praeterimpen-

401 501 492 566 sas,
513 500 717 560 damna,
737 494 963 547 miserias
978 492 1367 560 exspeetandum
1385 489 1481 542 esse
1499 489 1750 557 videatur.
1818 492 1899 542 Est
1927 493 2087 545 nobis

408 577 465 626 in
482 576 661 625 animo
678 570 820 622 idem
836 570 1107 621 con-filium
1134 583 1431 636 proponere
1448 565 1682 632 dele-gatis
1710 564 2086 635 Archiducum‚

409 652 502 715 qui
519 650 555 700 fi
572 647 623 697 id
640 645 774 712 sequi
789 643 1074 708 recusarint,
1094 656 1263 711 aperte
1281 639 2087 707 fimpliciterq3denuntiabimuS,
2145 638 2147 640 ’

411 724 671 789 Principes
684 718 889 770 nostros
904 734 994 768 om
1003 721 1089 769 nia
1102 717 1260 770 vestra
1276 714 1418 766 causa
1433 713 1989 783 fastur08,quaecunque
2004 715 2091 766 of-

414 797 514 861 ficij
533 810 739 858 munu5‚
759 797 808 843 ὅ(
824 811 948 846 verae
961 793 1190 844 amicitiae
1211 789 1338 841 fides
1357 787 1641 858 praescribit.
1710 788 1798 837 Ad
1813 788 1954 841 hunc
1967 807 2088 842 mo-

416 870 538 922 dum
559 872 802 936 loquutus
821 867 923 920 esse
938 866 1092 917 fertur
1108 866 1273 931 Preses
1296 866 1540 915 lanuinus
1556 862 1677 912 dum
1694 862 1845 914 alhuc
1873 864 2090 934 delegati

418 944 776 997 Archiducum
794 941 955 993 essent
970 944 1024 991 in
1039 938 1339 992 Hol'landia.
1365 938 1515 991 Nihil
1533 936 1601 987 est
1617 950 1724 988 tam
1742 937 2017 993 abstrusum
2033 943 2091 993 in

419 1022 616 1072 arcanis
643 1017 838 1084 imperii
861 1059 873 1080 ‚
892 1032 1000 1084 quo
1031 1030 1143 1066 non
1174 1026 1412 1081 penetret
1440 1014 2094 1082 acumen&interpretatio

416 1096 554 1147 male
570 1093 870 1144 feriatorum
889 1089 1284 1156 hominum‚qui
1300 1088 1407 1138 fine
1422 1087 1602 1155 populi
1617 1083 1858 1155 suffragio
1872 1089 1966 1143 fibi
1984 1107 2097 1157 per.

418 1167 716 1221 mittuntde
731 1165 1046 1232 summarep.
1077 1163 1333 1214 censuram
1355 1178 1605 1214 exercere.
1643 1165 1794 1231 Quin
1820 1166 1868 1213 δ(
1898 1164 2018 1232 saepe
2038 1167 2098 1216 in

422 1245 729 1295 contrariam
748 1254 946 1308 partem
962 1239 1121 1290 verba
1137 1237 1532 1303 detorquentur.
1599 1237 1738 1287 Nam
1765 1236 1908 1303 quod
1941 1239 2099 1305 paulo

426 1313 547 1369 ante
563 1315 826 1367 dicebatur
841 1316 1045 1381 Regem
1064 1315 1112 1362 ὃ(
1129 1310 1448 1362 Archiduces
1462 1308 1598 1361 haud
1614 1309 1763 1363 facile
1778 1313 1975 1380 impelli
1989 1311 2101 1381 pos.
2173 1315 2177 1318 ’

422 1391 493 1456 se>
511 1404 566 1441 ut
583 1389 1187 1458 propositisinduciarum
1204 1385 1593 1437 conditionibus
1608 1383 1866 1454 suffragari
1896 1387 2100 1453 vellent,

423 1465 479 1517 id
493 1465 738 1517 nonnulli
756 1464 1094 1515 Rhetoricum
1116 1461 1317 1512 schema
1335 1458 1428 1512 esse
1444 1459 1761 1525 diffitabanu
1786 1459 2105 1512 dissimulau-

430 1539 501 1590 dae
519 1539 805 1607 cupiditatis
819 1537 963 1590 causa
980 1535 1251 1589 artificiose
1266 1536 1532 1587 inductum
1547 1534 1683 1586 haud
1699 1538 1804 1588 fine
1816 1534 1982 1603 specie
1997 1537 2107 1587 col-

429 1615 671 1679 lusionis,
691 1618 811 1681 quia
834 1615 1107 1668 videbatur
1136 1610 1343 1664 inferius
1373 1611 1623 1679 dignitate
1659 1610 2016 1661 Archiducum
2050 1624 2108 1662 ut

431 1687 629 1740 Priores
645 1688 708 1740 ad
726 1689 1011 1756 petendum
1029 1689 1280 1741 venirent:
1297 1688 1446 1742 fimul
1460 1688 1611 1738 etiam
1645 1687 1757 1755 plus
1785 1684 2110 1737 authoritatis

430 1764 704 1815 consilium
719 1763 1017 1814 habiturum
1032 1761 1130 1813 effe
1147 1762 1463 1826 judicabant,
1484 1762 1521 1814 si
1539 1776 1649 1812 non
1667 1762 1734 1812 ab
1751 1759 1966 1814 adversis
1997 1777 2107 1828 par-

431 1837 569 1888 tibus
586 1851 983 1906 proponeretur.
1047 1837 1175 1886 Non
1191 1837 1352 1904 longe
1376 1835 1728 1888 abhorrebant
1758 1836 1826 1886 ab
1855 1833 2108 1888 eiusmodi

434 1909 718 1977 suspicione
735 1924 932 1962 mentes
948 1907 1276 1979 quorundam
1291 1913 1541 1978 primariae
1558 1910 1817 1978 dignitatis
1843 1953 1858 1976 ‚
1885 1909 2020 1962 adeo
2053 1923 2112 1963 ut

432 1987 590 2035 etiam
605 2002 757 2037 voces
774 1988 1058 2049 jacerentur
1094 2026 1112 2052 ‚
1138 1986 1325 2052 quibus
1347 1984 1485 2036 haud
1511 1985 1731 2037 obscure
1757 1988 2010 2038 maximus
2033 1987 2112 2039 vir

426 2060 865 2127 perstringebatur
881 2102 894 2123 ,
913 2060 1053 2128 quasi
1070 2059 1199 2111 fines
1217 2059 1449 2112 mandati
1477 2060 1776 2129 excederet,
1810 2063 1858 2111 ὃς
1875 2059 2019 2113 aliud
2051 2059 2112 2113 de

430 2133 703 2185 voluntate
720 2136 879 2202 Regis
896 2134 1182 2185 Galliarum
1200 2149 1526 2200 compertum
1543 2133 1683 2201 esset,
1701 2137 1895 2188 nimirfi
1913 2133 2114 2200 judicio

432 2209 541 2259 eius
558 2209 787 2259 inducias
800 2209 949 2260 nullo
964 2207 1131 2258 modo
1156 2210 1445 2277 approbari.
1484 2212 1629 2281 Qu
1645 2213 1694 2261 ὅ(
1710 2210 1772 2262 ad
1788 2210 1947 2278 ipsum
1965 2210 2116 2278 Rege.²

437 2283 659 2351 perlatus
702 2282 773 2334 est
798 2281 1085 2334 istiusmodi
1113 2283 1412 2335 sermonum
1445 2285 1494 2333 ὅ(
1521 2284 1863 2353 suspicionum
1878 2288 2113 2350 nuntiuS,

433 2372 541 2422 quo
555 2357 644 2409 ille
658 2374 768 2409 non
783 2358 960 2408 leviter
979 2358 1074 2409 fuit
1087 2355 1313 2409 offensus
1332 2402 1344 2423 ‚
1361 2361 1407 2409 &
1435 2360 1486 2409 in
1493 2360 1680 2421 juriam
1696 2360 1788 2411 suae
1800 2359 2024 2428 personae
2039 2358 2116 2410 fa-

434 2430 566 2482 &am
587 2431 684 2483 effe
701 2435 911 2499 putavit,
925 2435 1045 2503 quia
1071 2450 1163 2503 per
1177 2434 1357 2499 Legati
1373 2434 1504 2486 latus
1520 2433 1759 2485 Maiestas
1785 2434 1938 2500 ipsius
1967 2433 2115 2484 Prin-

436 2507 564 2572 cipis
591 2506 923 2559 sauciabatur.
993 2509 1174 2576 Itaque
1200 2508 1367 2559 literas
1398 2507 1461 2559 ad
1486 2507 1709 2559 Ordines
1736 2508 1907 2572 misit,
1929 2509 2116 2576 quibus

434 2581 606 2634 multo
621 2597 738 2637 cum
752 2581 956 2636 honore
973 2581 1280 2652 significavit
1293 2586 1469 2653 quanti
1483 2582 1656 2650 fidem,
1662 2581 2112 2655 prudentiam,vir-
2191 2583 2196 2587 ”

1952 2668 2112 2711 tutem
