<?xml version="1.0" encoding="UTF-8"?>
<!DOCTYPE html PUBLIC "-//W3C//DTD XHTML 1.0 Transitional//EN"
    "http://www.w3.org/TR/xhtml1/DTD/xhtml1-transitional.dtd">
<html xmlns="http://www.w3.org/1999/xhtml" xml:lang="en" lang="en">
 <head>
  <title>
</title>
<meta http-equiv="Content-Type" content="text/html;charset=utf-8" />
  <meta name='ocr-system' content='tesseract 3.04.00' />
  <meta name='ocr-capabilities' content='ocr_page ocr_carea ocr_par ocr_line ocrx_word'/>
</head>
<body>
  <div class='ocr_page' id='page_1' title='image "./libritresdeindvc00baud/libritresdeindvc00baud_0185.png"; bbox 0 0 2284 3132; ppageno 0'>
   <div class='ocr_carea' id='block_1_1' title="bbox 616 122 1832 194">
    <p class='ocr_par' dir='ltr' id='par_1_1' title="bbox 616 122 1832 194">
     <span class='ocr_line' id='line_1_1' title="bbox 616 122 1832 194; baseline 0.01 -22"><span class='ocrx_word' id='word_1_1' title='bbox 616 124 944 177; x_wconf 85' lang='lat' dir='ltr'>BELGICI</span> <span class='ocrx_word' id='word_1_2' title='bbox 1009 122 1239 177; x_wconf 85' lang='lat' dir='ltr'>LIBER</span> <span class='ocrx_word' id='word_1_3' title='bbox 1309 130 1426 180; x_wconf 90' lang='lat'>111.</span> <span class='ocrx_word' id='word_1_4' title='bbox 1735 143 1832 194; x_wconf 77' lang='lat'>155</span> 
     </span>
    </p>
   </div>
   <div class='ocr_carea' id='block_1_2' title="bbox 98 209 1828 2740">
    <p class='ocr_par' dir='ltr' id='par_1_2' title="bbox 98 209 1828 2666">
     <span class='ocr_line' id='line_1_2' title="bbox 147 209 1828 282; baseline 0.005 -18"><span class='ocrx_word' id='word_1_5' title='bbox 147 211 415 265; x_wconf 83' lang='lat' dir='ltr'>vobiscum</span> <span class='ocrx_word' id='word_1_6' title='bbox 432 209 674 265; x_wconf 66' lang='lat' dir='ltr'>devincti.</span> <span class='ocrx_word' id='word_1_7' title='bbox 712 213 778 263; x_wconf 91' lang='lat' dir='ltr'>Hi</span> <span class='ocrx_word' id='word_1_8' title='bbox 810 213 1041 282; x_wconf 73' lang='lat' dir='ltr'>profesto</span> <span class='ocrx_word' id='word_1_9' title='bbox 1073 215 1160 267; x_wconf 82' lang='lat' dir='ltr'>tali</span> <span class='ocrx_word' id='word_1_10' title='bbox 1188 217 1371 268; x_wconf 86' lang='lat' dir='ltr'>virtute</span> <span class='ocrx_word' id='word_1_11' title='bbox 1391 258 1404 280; x_wconf 86' lang='lat'><em>‚</em></span> <span class='ocrx_word' id='word_1_12' title='bbox 1425 217 1642 270; x_wconf 81' lang='lat' dir='ltr'>consilio</span> <span class='ocrx_word' id='word_1_13' title='bbox 1670 233 1729 270; x_wconf 88' lang='lat' dir='ltr'>ac</span> <span class='ocrx_word' id='word_1_14' title='bbox 1754 219 1828 273; x_wconf 85' lang='lat' dir='ltr'>sa-</span> 
     </span>
     <span class='ocr_line' id='line_1_3' title="bbox 144 286 1824 357; baseline 0.004 -17"><span class='ocrx_word' id='word_1_15' title='bbox 144 291 337 355; x_wconf 83' lang='lat' dir='ltr'>pientia</span> <span class='ocrx_word' id='word_1_16' title='bbox 354 286 618 338; x_wconf 83' lang='lat' dir='ltr'>abundant</span> <span class='ocrx_word' id='word_1_17' title='bbox 636 301 689 337; x_wconf 88' lang='lat' dir='ltr'>ut</span> <span class='ocrx_word' id='word_1_18' title='bbox 706 287 872 356; x_wconf 87' lang='lat' dir='ltr'>decipi</span> <span class='ocrx_word' id='word_1_19' title='bbox 902 305 1015 340; x_wconf 89' lang='lat' dir='ltr'>non</span> <span class='ocrx_word' id='word_1_20' title='bbox 1037 287 1256 357; x_wconf 80' lang='lat' dir='ltr'>possint,</span> <span class='ocrx_word' id='word_1_21' title='bbox 1291 305 1394 342; x_wconf 87' lang='lat' dir='ltr'>tam</span> <span class='ocrx_word' id='word_1_22' title='bbox 1413 292 1674 344; x_wconf 82' lang='lat' dir='ltr'>benevolo</span> <span class='ocrx_word' id='word_1_23' title='bbox 1701 294 1824 349; x_wconf 84' lang='lat' dir='ltr'>affe-</span> 
     </span>
     <span class='ocr_line' id='line_1_4' title="bbox 146 361 1818 437; baseline 0.004 -23"><span class='ocrx_word' id='word_1_24' title='bbox 146 364 227 414; x_wconf 67' lang='lat' dir='ltr'>&amp;u</span> <span class='ocrx_word' id='word_1_25' title='bbox 246 361 542 413; x_wconf 88' lang='lat' dir='ltr'>commodis</span> <span class='ocrx_word' id='word_1_26' title='bbox 560 361 726 414; x_wconf 85' lang='lat' dir='ltr'>vestris</span> <span class='ocrx_word' id='word_1_27' title='bbox 747 363 1030 426; x_wconf 79' lang='lat' dir='ltr'>studenr,ut</span> <span class='ocrx_word' id='word_1_28' title='bbox 1045 364 1194 416; x_wconf 73' lang='lat' dir='ltr'>verba</span> <span class='ocrx_word' id='word_1_29' title='bbox 1210 364 1315 415; x_wconf 85' lang='lat' dir='ltr'>dati</span> <span class='ocrx_word' id='word_1_30' title='bbox 1330 369 1477 418; x_wconf 87' lang='lat' dir='ltr'>vobis</span> <span class='ocrx_word' id='word_1_31' title='bbox 1492 369 1679 432; x_wconf 81' lang='lat' dir='ltr'>nolint,</span> <span class='ocrx_word' id='word_1_32' title='bbox 1697 386 1818 437; x_wconf 84' lang='lat' dir='ltr'>prae-</span> 
     </span>
     <span class='ocr_line' id='line_1_5' title="bbox 147 437 1818 505; baseline 0.004 -17"><span class='ocrx_word' id='word_1_33' title='bbox 147 437 317 501; x_wconf 78' lang='lat' dir='ltr'>sertim</span> <span class='ocrx_word' id='word_1_34' title='bbox 332 453 493 505; x_wconf 84' lang='lat' dir='ltr'>quum</span> <span class='ocrx_word' id='word_1_35' title='bbox 510 452 692 488; x_wconf 87' lang='lat' dir='ltr'>eorum</span> <span class='ocrx_word' id='word_1_36' title='bbox 733 441 1689 494; x_wconf 75' lang='lat' dir='ltr'>comuniter-intersitvosincolumem</span> <span class='ocrx_word' id='word_1_37' title='bbox 1725 443 1818 496; x_wconf 80' lang='lat' dir='ltr'>sta-</span> 
     </span>
     <span class='ocr_line' id='line_1_6' title="bbox 147 512 1816 585; baseline 0.005 -24"><span class='ocrx_word' id='word_1_38' title='bbox 147 523 261 562; x_wconf 87' lang='lat' dir='ltr'>tum</span> <span class='ocrx_word' id='word_1_39' title='bbox 279 528 336 563; x_wconf 87' lang='lat' dir='ltr'>ac</span> <span class='ocrx_word' id='word_1_40' title='bbox 350 512 650 580; x_wconf 81' lang='lat' dir='ltr'>dignitatem</span> <span class='ocrx_word' id='word_1_41' title='bbox 669 514 899 564; x_wconf 86' lang='lat' dir='ltr'>retinere.</span> <span class='ocrx_word' id='word_1_42' title='bbox 938 513 1150 577; x_wconf 79' lang='lat' dir='ltr'>Sufficit,</span> <span class='ocrx_word' id='word_1_43' title='bbox 1170 513 1467 566; x_wconf 74' lang='lat' dir='ltr'>&amp;satisfacit</span> <span class='ocrx_word' id='word_1_44' title='bbox 1502 519 1614 585; x_wconf 78' lang='lat' dir='ltr'>iplis</span> <span class='ocrx_word' id='word_1_45' title='bbox 1630 518 1816 570; x_wconf 84' lang='lat' dir='ltr'>Archi-</span> 
     </span>
     <span class='ocr_line' id='line_1_7' title="bbox 148 584 1819 656; baseline 0.002 -21"><span class='ocrx_word' id='word_1_46' title='bbox 148 584 336 638; x_wconf 88' lang='lat' dir='ltr'>ducum</span> <span class='ocrx_word' id='word_1_47' title='bbox 355 585 621 650; x_wconf 81' lang='lat' dir='ltr'>confeffi0‚</span> <span class='ocrx_word' id='word_1_48' title='bbox 639 603 737 655; x_wconf 86' lang='lat' dir='ltr'>qua</span> <span class='ocrx_word' id='word_1_49' title='bbox 753 604 841 639; x_wconf 88' lang='lat' dir='ltr'>vos</span> <span class='ocrx_word' id='word_1_50' title='bbox 857 587 1089 656; x_wconf 78' lang='lat' dir='ltr'>suprema:</span> <span class='ocrx_word' id='word_1_51' title='bbox 1116 589 1374 654; x_wconf 81' lang='lat' dir='ltr'>potestatis</span> <span class='ocrx_word' id='word_1_52' title='bbox 1389 589 1595 642; x_wconf 84' lang='lat' dir='ltr'>honore</span> <span class='ocrx_word' id='word_1_53' title='bbox 1623 609 1680 643; x_wconf 90' lang='lat' dir='ltr'>ac</span> <span class='ocrx_word' id='word_1_54' title='bbox 1695 593 1819 644; x_wconf 89' lang='lat' dir='ltr'>titu.</span> 
     </span>
     <span class='ocr_line' id='line_1_8' title="bbox 147 660 1820 732; baseline 0.005 -19"><span class='ocrx_word' id='word_1_55' title='bbox 147 663 805 728; x_wconf 81' lang='lat' dir='ltr'>loinfigniunt‚paratique</span> <span class='ocrx_word' id='word_1_56' title='bbox 823 662 933 714; x_wconf 86' lang='lat' dir='ltr'>sunt</span> <span class='ocrx_word' id='word_1_57' title='bbox 974 660 1235 729; x_wconf 85' lang='lat' dir='ltr'>spondere</span> <span class='ocrx_word' id='word_1_58' title='bbox 1267 666 1566 732; x_wconf 81' lang='lat' dir='ltr'>interposita</span> <span class='ocrx_word' id='word_1_59' title='bbox 1593 666 1696 718; x_wconf 86' lang='lat' dir='ltr'>fide</span> <span class='ocrx_word' id='word_1_60' title='bbox 1735 669 1820 722; x_wconf 86' lang='lat' dir='ltr'>sua</span> 
     </span>
     <span class='ocr_line' id='line_1_9' title="bbox 146 735 1819 806; baseline 0.006 -21"><span class='ocrx_word' id='word_1_61' title='bbox 146 749 275 802; x_wconf 72' lang='lat' dir='ltr'>xatas</span> <span class='ocrx_word' id='word_1_62' title='bbox 287 735 400 786; x_wconf 90' lang='lat' dir='ltr'>fore</span> <span class='ocrx_word' id='word_1_63' title='bbox 418 735 733 788; x_wconf 79' lang='lat' dir='ltr'>induciarum</span> <span class='ocrx_word' id='word_1_64' title='bbox 754 749 1126 789; x_wconf 77' lang='lat' dir='ltr'>conventiones</span> <span class='ocrx_word' id='word_1_65' title='bbox 1148 756 1158 785; x_wconf 78' lang='lat' dir='ltr'><strong><em>z</em></strong></span> <span class='ocrx_word' id='word_1_66' title='bbox 1193 737 1335 804; x_wconf 84' lang='lat' dir='ltr'>quod</span> <span class='ocrx_word' id='word_1_67' title='bbox 1361 740 1573 806; x_wconf 87' lang='lat' dir='ltr'>quidem</span> <span class='ocrx_word' id='word_1_68' title='bbox 1600 745 1819 796; x_wconf 85' lang='lat' dir='ltr'>minime</span> 
     </span>
     <span class='ocr_line' id='line_1_10' title="bbox 146 805 1816 933; baseline 0.005 -72"><span class='ocrx_word' id='word_1_69' title='bbox 146 805 324 933; x_wconf 39' lang='lat' dir='ltr'>&amp;Qui</span> <span class='ocrx_word' id='word_1_70' title='bbox 366 809 522 862; x_wconf 73' lang='lat' dir='ltr'>essent</span> <span class='ocrx_word' id='word_1_71' title='bbox 552 852 564 874; x_wconf 90' lang='lat'>‚</span> <span class='ocrx_word' id='word_1_72' title='bbox 601 811 637 862; x_wconf 82' lang='lat' dir='ltr'>st</span> <span class='ocrx_word' id='word_1_73' title='bbox 670 811 1066 861; x_wconf 75' lang='lat' dir='ltr'>declarationem</span> <span class='ocrx_word' id='word_1_74' title='bbox 1088 813 1232 862; x_wconf 81' lang='lat' dir='ltr'>illam</span> <span class='ocrx_word' id='word_1_75' title='bbox 1264 812 1546 864; x_wconf 84' lang='lat' dir='ltr'>iudicarent</span> <span class='ocrx_word' id='word_1_76' title='bbox 1575 832 1688 866; x_wconf 91' lang='lat' dir='ltr'>non</span> <span class='ocrx_word' id='word_1_77' title='bbox 1717 817 1816 870; x_wconf 81' lang='lat' dir='ltr'>effe</span> 
     </span>
     <span class='ocr_line' id='line_1_11' title="bbox 146 883 1811 956; baseline 0.004 -20"><span class='ocrx_word' id='word_1_78' title='bbox 146 884 261 937; x_wconf 82' lang='lat' dir='ltr'>sats</span> <span class='ocrx_word' id='word_1_79' title='bbox 300 883 547 935; x_wconf 81' lang='lat' dir='ltr'>idoneam</span> <span class='ocrx_word' id='word_1_80' title='bbox 576 887 870 935; x_wconf 85' lang='lat' dir='ltr'>cautionem</span> <span class='ocrx_word' id='word_1_81' title='bbox 903 884 1289 938; x_wconf 83' lang='lat' dir='ltr'>&amp;securitatem</span> <span class='ocrx_word' id='word_1_82' title='bbox 1321 887 1488 938; x_wconf 82' lang='lat' dir='ltr'>vestrae</span> <span class='ocrx_word' id='word_1_83' title='bbox 1530 887 1811 956; x_wconf 77' lang='lat' dir='ltr'>dignitatis·</span> 
     </span>
     <span class='ocr_line' id='line_1_12' title="bbox 146 958 1816 1030; baseline 0.004 -20"><span class='ocrx_word' id='word_1_84' title='bbox 146 958 336 1028; x_wconf 86' lang='lat' dir='ltr'>Neque</span> <span class='ocrx_word' id='word_1_85' title='bbox 354 963 497 1010; x_wconf 88' lang='lat' dir='ltr'>enim</span> <span class='ocrx_word' id='word_1_86' title='bbox 513 959 771 1010; x_wconf 87' lang='lat' dir='ltr'>beneficio</span> <span class='ocrx_word' id='word_1_87' title='bbox 797 959 1018 1026; x_wconf 87' lang='lat' dir='ltr'>Philippi</span> <span class='ocrx_word' id='word_1_88' title='bbox 1046 974 1306 1030; x_wconf 81' lang='lat' dir='ltr'>acceptam</span> <span class='ocrx_word' id='word_1_89' title='bbox 1335 960 1465 1013; x_wconf 89' lang='lat' dir='ltr'>ferre</span> <span class='ocrx_word' id='word_1_90' title='bbox 1480 965 1632 1015; x_wconf 85' lang='lat' dir='ltr'>vultis</span> <span class='ocrx_word' id='word_1_91' title='bbox 1657 966 1816 1017; x_wconf 81' lang='lat' dir='ltr'>libet·-</span> 
     </span>
     <span class='ocr_line' id='line_1_13' title="bbox 145 1032 1817 1106; baseline 0.002 -20"><span class='ocrx_word' id='word_1_92' title='bbox 145 1047 323 1097; x_wconf 86' lang='lat' dir='ltr'>tatem,</span> <span class='ocrx_word' id='word_1_93' title='bbox 344 1049 551 1086; x_wconf 83' lang='lat' dir='ltr'>auteam</span> <span class='ocrx_word' id='word_1_94' title='bbox 569 1032 816 1100; x_wconf 83' lang='lat' dir='ltr'>po&#39;ffidere</span> <span class='ocrx_word' id='word_1_95' title='bbox 831 1049 923 1101; x_wconf 91' lang='lat' dir='ltr'>pro</span> <span class='ocrx_word' id='word_1_96' title='bbox 940 1032 1163 1100; x_wconf 75' lang='lat' dir='ltr'>donam,</span> <span class='ocrx_word' id='word_1_97' title='bbox 1201 1035 1284 1086; x_wconf 84' lang='lat' dir='ltr'>vel</span> <span class='ocrx_word' id='word_1_98' title='bbox 1310 1037 1418 1086; x_wconf 83' lang='lat' dir='ltr'>iure</span> <span class='ocrx_word' id='word_1_99' title='bbox 1445 1040 1648 1103; x_wconf 84' lang='lat' dir='ltr'>precarij</span> <span class='ocrx_word' id='word_1_100' title='bbox 1684 1080 1700 1106; x_wconf 78' lang='lat'>,</span> <span class='ocrx_word' id='word_1_101' title='bbox 1729 1039 1817 1091; x_wconf 90' lang='lat' dir='ltr'>sed</span> 
     </span>
     <span class='ocr_line' id='line_1_14' title="bbox 146 1108 1817 1181; baseline 0.004 -22"><span class='ocrx_word' id='word_1_102' title='bbox 146 1108 287 1160; x_wconf 87' lang='lat' dir='ltr'>nuda</span> <span class='ocrx_word' id='word_1_103' title='bbox 326 1124 550 1175; x_wconf 85' lang='lat' dir='ltr'>puraque</span> <span class='ocrx_word' id='word_1_104' title='bbox 588 1110 854 1174; x_wconf 82' lang='lat' dir='ltr'>agnitione</span> <span class='ocrx_word' id='word_1_105' title='bbox 897 1112 1128 1160; x_wconf 84' lang='lat' dir='ltr'>contenti</span> <span class='ocrx_word' id='word_1_106' title='bbox 1171 1109 1266 1161; x_wconf 66' lang='lat' dir='ltr'>efl‘e</span> <span class='ocrx_word' id='word_1_107' title='bbox 1299 1108 1489 1161; x_wconf 81' lang='lat' dir='ltr'>debetis</span> <span class='ocrx_word' id='word_1_108' title='bbox 1519 1153 1532 1175; x_wconf 82' lang='lat'><em>,</em></span> <span class='ocrx_word' id='word_1_109' title='bbox 1574 1129 1680 1179; x_wconf 84' lang='lat' dir='ltr'>quae</span> <span class='ocrx_word' id='word_1_110' title='bbox 1709 1131 1817 1181; x_wconf 87' lang='lat' dir='ltr'>quo</span> 
     </span>
     <span class='ocr_line' id='line_1_15' title="bbox 148 1182 1821 1251; baseline 0 -15"><span class='ocrx_word' id='word_1_111' title='bbox 148 1183 421 1250; x_wconf 85' lang='lat' dir='ltr'>fimplicius</span> <span class='ocrx_word' id='word_1_112' title='bbox 449 1195 699 1249; x_wconf 84' lang='lat' dir='ltr'>concepta</span> <span class='ocrx_word' id='word_1_113' title='bbox 728 1182 876 1234; x_wconf 80' lang='lat' dir='ltr'>fuerit</span> <span class='ocrx_word' id='word_1_114' title='bbox 900 1222 915 1244; x_wconf 94' lang='lat'>,</span> <span class='ocrx_word' id='word_1_115' title='bbox 953 1199 1020 1234; x_wconf 94' lang='lat' dir='ltr'>eo</span> <span class='ocrx_word' id='word_1_116' title='bbox 1049 1186 1211 1250; x_wconf 84' lang='lat' dir='ltr'>magis</span> <span class='ocrx_word' id='word_1_117' title='bbox 1241 1185 1442 1251; x_wconf 86' lang='lat' dir='ltr'>refipiet</span> <span class='ocrx_word' id='word_1_118' title='bbox 1467 1185 1699 1237; x_wconf 86' lang='lat' dir='ltr'>indolem</span> <span class='ocrx_word' id='word_1_119' title='bbox 1731 1206 1821 1240; x_wconf 84' lang='lat' dir='ltr'>ve-</span> 
     </span>
     <span class='ocr_line' id='line_1_16' title="bbox 145 1257 1818 1323; baseline 0.002 -14"><span class='ocrx_word' id='word_1_120' title='bbox 145 1259 308 1309; x_wconf 80' lang='lat' dir='ltr'>ritatis</span> <span class='ocrx_word' id='word_1_121' title='bbox 333 1298 346 1318; x_wconf 83' lang='grc'>,</span> <span class='ocrx_word' id='word_1_122' title='bbox 394 1258 441 1305; x_wconf 64' lang='grc' dir='ltr'>ὃς</span> <span class='ocrx_word' id='word_1_123' title='bbox 470 1259 653 1307; x_wconf 89' lang='lat' dir='ltr'>certius</span> <span class='ocrx_word' id='word_1_124' title='bbox 686 1260 774 1306; x_wconf 85' lang='lat' dir='ltr'>erit</span> <span class='ocrx_word' id='word_1_125' title='bbox 809 1258 990 1323; x_wconf 79' lang='lat' dir='ltr'>pignus</span> <span class='ocrx_word' id='word_1_126' title='bbox 1019 1257 1078 1309; x_wconf 87' lang='lat' dir='ltr'>ad</span> <span class='ocrx_word' id='word_1_127' title='bbox 1119 1258 1467 1310; x_wconf 78' lang='lat' dir='ltr'>stabiliendam</span> <span class='ocrx_word' id='word_1_128' title='bbox 1499 1262 1572 1311; x_wconf 89' lang='lat' dir='ltr'>rei</span> <span class='ocrx_word' id='word_1_129' title='bbox 1612 1263 1818 1314; x_wconf 78' lang='lat' dir='ltr'>sinceri-</span> 
     </span>
     <span class='ocr_line' id='line_1_17' title="bbox 145 1330 1819 1399; baseline 0.003 -16"><span class='ocrx_word' id='word_1_130' title='bbox 145 1345 219 1383; x_wconf 85' lang='lat' dir='ltr'>ter</span> <span class='ocrx_word' id='word_1_131' title='bbox 250 1331 390 1397; x_wconf 79' lang='lat' dir='ltr'>gestae</span> <span class='ocrx_word' id='word_1_132' title='bbox 416 1330 595 1381; x_wconf 87' lang='lat' dir='ltr'>fidem.</span> <span class='ocrx_word' id='word_1_133' title='bbox 674 1330 1073 1398; x_wconf 86' lang='lat' dir='ltr'>Sed(inquiunt</span> <span class='ocrx_word' id='word_1_134' title='bbox 1097 1333 1347 1383; x_wconf 55' lang='lat' dir='ltr'>nonnuli</span> <span class='ocrx_word' id='word_1_135' title='bbox 1375 1336 1458 1399; x_wconf 84' lang='lat' dir='ltr'>qui</span> <span class='ocrx_word' id='word_1_136' title='bbox 1500 1332 1592 1384; x_wconf 88' lang='lat' dir='ltr'>suo</span> <span class='ocrx_word' id='word_1_137' title='bbox 1624 1336 1819 1388; x_wconf 88' lang='lat' dir='ltr'>iudicio</span> 
     </span>
     <span class='ocr_line' id='line_1_18' title="bbox 124 1401 1812 1480; baseline 0.003 -22"><span class='ocrx_word' id='word_1_138' title='bbox 124 1404 383 1459; x_wconf 61' lang='lat' dir='ltr'>videntur</span> <span class='ocrx_word' id='word_1_139' title='bbox 427 1404 572 1457; x_wconf 85' lang='lat' dir='ltr'>valde</span> <span class='ocrx_word' id='word_1_140' title='bbox 602 1401 760 1470; x_wconf 83' lang='lat' dir='ltr'>sapere</span> <span class='ocrx_word' id='word_1_141' title='bbox 791 1447 804 1467; x_wconf 88' lang='lat'>,</span> <span class='ocrx_word' id='word_1_142' title='bbox 845 1406 1081 1471; x_wconf 80' lang='lat' dir='ltr'>&amp;‘longe</span> <span class='ocrx_word' id='word_1_143' title='bbox 1109 1408 1161 1455; x_wconf 90' lang='lat' dir='ltr'>in</span> <span class='ocrx_word' id='word_1_144' title='bbox 1211 1409 1468 1472; x_wconf 68' lang='lat' dir='ltr'>posterum</span> <span class='ocrx_word' id='word_1_145' title='bbox 1497 1408 1812 1480; x_wconf 66' lang='lat' dir='ltr'>praesentire)</span> 
     </span>
     <span class='ocr_line' id='line_1_19' title="bbox 143 1478 1815 1549; baseline 0 -19"><span class='ocrx_word' id='word_1_146' title='bbox 143 1478 429 1547; x_wconf 80' lang='lat' dir='ltr'>quidvobis</span> <span class='ocrx_word' id='word_1_147' title='bbox 457 1479 683 1545; x_wconf 87' lang='lat' dir='ltr'>denique</span> <span class='ocrx_word' id='word_1_148' title='bbox 710 1478 802 1530; x_wconf 87' lang='lat' dir='ltr'>fiet</span> <span class='ocrx_word' id='word_1_149' title='bbox 834 1479 947 1547; x_wconf 86' lang='lat' dir='ltr'>post</span> <span class='ocrx_word' id='word_1_150' title='bbox 976 1496 1142 1531; x_wconf 89' lang='lat' dir='ltr'>annos</span> <span class='ocrx_word' id='word_1_151' title='bbox 1172 1491 1209 1528; x_wconf 81' lang='lat' dir='ltr'>X</span> <span class='ocrx_word' id='word_1_152' title='bbox 1243 1495 1329 1532; x_wconf 87' lang='lat' dir='ltr'>aut</span> <span class='ocrx_word' id='word_1_153' title='bbox 1360 1493 1429 1531; x_wconf 81' lang='lat' dir='ltr'>Xt</span> <span class='ocrx_word' id='word_1_154' title='bbox 1457 1496 1472 1531; x_wconf 87' lang='lat'>1</span> <span class='ocrx_word' id='word_1_155' title='bbox 1510 1483 1815 1549; x_wconf 83' lang='lat' dir='ltr'>ubipraeter.</span> 
     </span>
     <span class='ocr_line' id='line_1_20' title="bbox 98 1551 1813 1626; baseline 0.003 -21"><span class='ocrx_word' id='word_1_156' title='bbox 98 1606 103 1611; x_wconf 79' lang='grc'>,</span> <span class='ocrx_word' id='word_1_157' title='bbox 143 1553 338 1622; x_wconf 86' lang='lat' dir='ltr'>lapsum</span> <span class='ocrx_word' id='word_1_158' title='bbox 374 1551 524 1603; x_wconf 82' lang='lat' dir='ltr'>fuerit</span> <span class='ocrx_word' id='word_1_159' title='bbox 557 1565 763 1622; x_wconf 86' lang='lat' dir='ltr'>tempus</span> <span class='ocrx_word' id='word_1_160' title='bbox 798 1553 1151 1605; x_wconf 69' lang='lat' dir='ltr'>induciarum?</span> <span class='ocrx_word' id='word_1_161' title='bbox 1189 1554 1493 1612; x_wconf 82' lang='lat' dir='ltr'>Imoiustius</span> <span class='ocrx_word' id='word_1_162' title='bbox 1521 1559 1813 1626; x_wconf 78' lang='lat' dir='ltr'>regeripos-</span> 
     </span>
     <span class='ocr_line' id='line_1_21' title="bbox 144 1625 1815 1696; baseline 0.004 -18"><span class='ocrx_word' id='word_1_163' title='bbox 144 1627 216 1678; x_wconf 86' lang='lat' dir='ltr'>set</span> <span class='ocrx_word' id='word_1_164' title='bbox 235 1668 249 1691; x_wconf 86' lang='lat'><em>‚</em></span> <span class='ocrx_word' id='word_1_165' title='bbox 278 1625 402 1693; x_wconf 86' lang='lat' dir='ltr'>quid</span> <span class='ocrx_word' id='word_1_166' title='bbox 432 1627 577 1679; x_wconf 84' lang='lat' dir='ltr'>vobis</span> <span class='ocrx_word' id='word_1_167' title='bbox 606 1626 695 1678; x_wconf 86' lang='lat' dir='ltr'>fiet</span> <span class='ocrx_word' id='word_1_168' title='bbox 726 1631 860 1679; x_wconf 84' lang='lat' dir='ltr'>intra</span> <span class='ocrx_word' id='word_1_169' title='bbox 887 1629 1137 1679; x_wconf 87' lang='lat' dir='ltr'>trimestre</span> <span class='ocrx_word' id='word_1_170' title='bbox 1168 1628 1433 1696; x_wconf 74' lang='lat' dir='ltr'>spatiumst</span> <span class='ocrx_word' id='word_1_171' title='bbox 1463 1630 1622 1681; x_wconf 83' lang='lat' dir='ltr'>rursus</span> <span class='ocrx_word' id='word_1_172' title='bbox 1659 1632 1722 1684; x_wconf 86' lang='lat' dir='ltr'>ad</span> <span class='ocrx_word' id='word_1_173' title='bbox 1737 1650 1815 1685; x_wconf 89' lang='lat' dir='ltr'>ar-</span> 
     </span>
     <span class='ocr_line' id='line_1_22' title="bbox 143 1699 1813 1771; baseline 0.004 -19"><span class='ocrx_word' id='word_1_174' title='bbox 143 1716 232 1752; x_wconf 84' lang='lat' dir='ltr'>ma</span> <span class='ocrx_word' id='word_1_175' title='bbox 265 1702 322 1753; x_wconf 87' lang='lat' dir='ltr'>sit</span> <span class='ocrx_word' id='word_1_176' title='bbox 338 1699 754 1767; x_wconf 62' lang='lat' dir='ltr'>decurrendum,</span> <span class='ocrx_word' id='word_1_177' title='bbox 791 1718 890 1752; x_wconf 90' lang='lat' dir='ltr'>nec</span> <span class='ocrx_word' id='word_1_178' title='bbox 922 1703 1073 1755; x_wconf 79' lang='lat' dir='ltr'>vobis</span> <span class='ocrx_word' id='word_1_179' title='bbox 1109 1702 1370 1771; x_wconf 87' lang='lat' dir='ltr'>suppetant</span> <span class='ocrx_word' id='word_1_180' title='bbox 1407 1707 1591 1756; x_wconf 76' lang='lat' dir='ltr'>auxilia</span> <span class='ocrx_word' id='word_1_181' title='bbox 1619 1706 1813 1758; x_wconf 84' lang='lat' dir='ltr'>Princi-</span> 
     </span>
     <span class='ocr_line' id='line_1_23' title="bbox 144 1777 1814 1847; baseline 0.005 -23"><span class='ocrx_word' id='word_1_182' title='bbox 144 1790 269 1843; x_wconf 87' lang='lat' dir='ltr'>pum</span> <span class='ocrx_word' id='word_1_183' title='bbox 298 1788 583 1826; x_wconf 86' lang='lat' dir='ltr'>extetorum</span> <span class='ocrx_word' id='word_1_184' title='bbox 603 1816 618 1837; x_wconf 95' lang='lat'><strong><em>,</em></strong></span> <span class='ocrx_word' id='word_1_185' title='bbox 659 1779 747 1843; x_wconf 87' lang='lat' dir='ltr'>qui</span> <span class='ocrx_word' id='word_1_186' title='bbox 776 1778 1051 1847; x_wconf 81' lang='lat' dir='ltr'>pertinacia</span> <span class='ocrx_word' id='word_1_187' title='bbox 1078 1777 1234 1829; x_wconf 85' lang='lat' dir='ltr'>vestra</span> <span class='ocrx_word' id='word_1_188' title='bbox 1260 1780 1364 1828; x_wconf 89' lang='lat' dir='ltr'>iure</span> <span class='ocrx_word' id='word_1_189' title='bbox 1400 1777 1583 1830; x_wconf 86' lang='lat' dir='ltr'>offensi</span> <span class='ocrx_word' id='word_1_190' title='bbox 1612 1797 1722 1831; x_wconf 90' lang='lat' dir='ltr'>non</span> <span class='ocrx_word' id='word_1_191' title='bbox 1740 1782 1814 1832; x_wconf 87' lang='lat' dir='ltr'>fa-</span> 
     </span>
     <span class='ocr_line' id='line_1_24' title="bbox 148 1848 1816 1919; baseline 0.005 -20"><span class='ocrx_word' id='word_1_192' title='bbox 148 1850 243 1900; x_wconf 86' lang='lat' dir='ltr'>cile</span> <span class='ocrx_word' id='word_1_193' title='bbox 273 1850 466 1901; x_wconf 88' lang='lat' dir='ltr'>bellum</span> <span class='ocrx_word' id='word_1_194' title='bbox 483 1848 620 1901; x_wconf 80' lang='lat' dir='ltr'>haud</span> <span class='ocrx_word' id='word_1_195' title='bbox 634 1848 953 1902; x_wconf 76' lang='lat' dir='ltr'>necessarium</span> <span class='ocrx_word' id='word_1_196' title='bbox 973 1850 1232 1903; x_wconf 87' lang='lat' dir='ltr'>fovebunt</span> <span class='ocrx_word' id='word_1_197' title='bbox 1248 1894 1261 1916; x_wconf 87' lang='lat'>‚</span> <span class='ocrx_word' id='word_1_198' title='bbox 1282 1853 1424 1919; x_wconf 89' lang='lat' dir='ltr'>quod</span> <span class='ocrx_word' id='word_1_199' title='bbox 1442 1854 1668 1905; x_wconf 85' lang='lat' dir='ltr'>honestis</span> <span class='ocrx_word' id='word_1_200' title='bbox 1687 1871 1816 1908; x_wconf 87' lang='lat' dir='ltr'>con-</span> 
     </span>
     <span class='ocr_line' id='line_1_25' title="bbox 146 1923 1816 1994; baseline 0.005 -21"><span class='ocrx_word' id='word_1_201' title='bbox 146 1923 430 1975; x_wconf 88' lang='lat' dir='ltr'>ditionibus</span> <span class='ocrx_word' id='word_1_202' title='bbox 458 1927 616 1978; x_wconf 85' lang='lat' dir='ltr'>averti</span> <span class='ocrx_word' id='word_1_203' title='bbox 646 1937 869 1992; x_wconf 88' lang='lat' dir='ltr'>poterat,</span> <span class='ocrx_word' id='word_1_204' title='bbox 914 1939 996 1976; x_wconf 84' lang='lat' dir='ltr'>aut</span> <span class='ocrx_word' id='word_1_205' title='bbox 1022 1924 1194 1976; x_wconf 87' lang='lat' dir='ltr'>saltem</span> <span class='ocrx_word' id='word_1_206' title='bbox 1220 1943 1308 1994; x_wconf 87' lang='lat' dir='ltr'>per</span> <span class='ocrx_word' id='word_1_207' title='bbox 1332 1929 1527 1980; x_wconf 87' lang='lat' dir='ltr'>multos</span> <span class='ocrx_word' id='word_1_208' title='bbox 1555 1946 1717 1980; x_wconf 86' lang='lat' dir='ltr'>annos</span> <span class='ocrx_word' id='word_1_209' title='bbox 1733 1932 1816 1981; x_wconf 87' lang='lat' dir='ltr'>iu-</span> 
     </span>
     <span class='ocr_line' id='line_1_26' title="bbox 145 1997 1815 2064; baseline 0.005 -16"><span class='ocrx_word' id='word_1_210' title='bbox 145 2000 402 2049; x_wconf 77' lang='lat' dir='ltr'>tet-mitti?</span> <span class='ocrx_word' id='word_1_211' title='bbox 436 1997 488 2048; x_wconf 89' lang='lat' dir='ltr'>Si</span> <span class='ocrx_word' id='word_1_212' title='bbox 503 2000 617 2049; x_wconf 87' lang='lat' dir='ltr'>talis</span> <span class='ocrx_word' id='word_1_213' title='bbox 640 1999 708 2049; x_wconf 87' lang='lat' dir='ltr'>est</span> <span class='ocrx_word' id='word_1_214' title='bbox 736 1999 1128 2052; x_wconf 85' lang='lat' dir='ltr'>Provinciarum</span> <span class='ocrx_word' id='word_1_215' title='bbox 1158 2000 1336 2064; x_wconf 82' lang='lat' dir='ltr'>statuS‚</span> <span class='ocrx_word' id='word_1_216' title='bbox 1372 2003 1420 2051; x_wconf 76' lang='grc' dir='ltr'>δε</span> <span class='ocrx_word' id='word_1_217' title='bbox 1447 2004 1487 2052; x_wconf 90' lang='lat' dir='ltr'>is</span> <span class='ocrx_word' id='word_1_218' title='bbox 1518 2007 1815 2056; x_wconf 81' lang='lat' dir='ltr'>animorum</span> 
     </span>
     <span class='ocr_line' id='line_1_27' title="bbox 145 2071 1815 2140; baseline 0.005 -18"><span class='ocrx_word' id='word_1_219' title='bbox 145 2071 348 2124; x_wconf 83' lang='lat' dir='ltr'>habitus</span> <span class='ocrx_word' id='word_1_220' title='bbox 375 2114 388 2135; x_wconf 91' lang='lat'>,</span> <span class='ocrx_word' id='word_1_221' title='bbox 417 2083 576 2139; x_wconf 86' lang='lat' dir='ltr'>quem</span> <span class='ocrx_word' id='word_1_222' title='bbox 605 2073 760 2123; x_wconf 84' lang='lat' dir='ltr'>nobis</span> <span class='ocrx_word' id='word_1_223' title='bbox 786 2073 947 2125; x_wconf 87' lang='lat' dir='ltr'>libelli</span> <span class='ocrx_word' id='word_1_224' title='bbox 973 2090 1059 2140; x_wconf 87' lang='lat' dir='ltr'>pet</span> <span class='ocrx_word' id='word_1_225' title='bbox 1084 2089 1271 2125; x_wconf 82' lang='lat' dir='ltr'>manus</span> <span class='ocrx_word' id='word_1_226' title='bbox 1299 2075 1577 2128; x_wconf 84' lang='lat' dir='ltr'>hominum</span> <span class='ocrx_word' id='word_1_227' title='bbox 1594 2079 1815 2129; x_wconf 77' lang='lat' dir='ltr'>volitan-</span> 
     </span>
     <span class='ocr_line' id='line_1_28' title="bbox 144 2146 1816 2217; baseline 0.004 -20"><span class='ocrx_word' id='word_1_228' title='bbox 144 2156 214 2199; x_wconf 85' lang='lat' dir='ltr'>tes</span> <span class='ocrx_word' id='word_1_229' title='bbox 238 2146 556 2214; x_wconf 83' lang='lat' dir='ltr'>depingunt,</span> <span class='ocrx_word' id='word_1_230' title='bbox 589 2147 677 2198; x_wconf 90' lang='lat' dir='ltr'>hic</span> <span class='ocrx_word' id='word_1_231' title='bbox 705 2150 800 2198; x_wconf 86' lang='lat' dir='ltr'>erit</span> <span class='ocrx_word' id='word_1_232' title='bbox 832 2164 1001 2199; x_wconf 85' lang='lat' dir='ltr'>rerum</span> <span class='ocrx_word' id='word_1_233' title='bbox 1032 2150 1225 2215; x_wconf 67' lang='lat' dir='ltr'>exirm,</span> <span class='ocrx_word' id='word_1_234' title='bbox 1249 2162 1307 2199; x_wconf 85' lang='lat' dir='ltr'>ut</span> <span class='ocrx_word' id='word_1_235' title='bbox 1331 2152 1473 2217; x_wconf 87' lang='lat' dir='ltr'>pauci</span> <span class='ocrx_word' id='word_1_236' title='bbox 1499 2152 1596 2204; x_wconf 77' lang='lat' dir='ltr'>sint</span> <span class='ocrx_word' id='word_1_237' title='bbox 1626 2154 1680 2201; x_wconf 89' lang='lat' dir='ltr'>in</span> <span class='ocrx_word' id='word_1_238' title='bbox 1707 2168 1816 2204; x_wconf 87' lang='lat' dir='ltr'>me·</span> 
     </span>
     <span class='ocr_line' id='line_1_29' title="bbox 147 2220 1812 2291; baseline 0.003 -20"><span class='ocrx_word' id='word_1_239' title='bbox 147 2220 292 2271; x_wconf 87' lang='lat' dir='ltr'>dium</span> <span class='ocrx_word' id='word_1_240' title='bbox 330 2220 607 2272; x_wconf 86' lang='lat' dir='ltr'>consulturi</span> <span class='ocrx_word' id='word_1_241' title='bbox 652 2261 666 2285; x_wconf 89' lang='lat'>‚</span> <span class='ocrx_word' id='word_1_242' title='bbox 701 2220 863 2289; x_wconf 83' lang='lat' dir='ltr'>plures</span> <span class='ocrx_word' id='word_1_243' title='bbox 893 2221 1154 2286; x_wconf 87' lang='lat' dir='ltr'>discordijs</span> <span class='ocrx_word' id='word_1_244' title='bbox 1198 2225 1428 2275; x_wconf 86' lang='lat' dir='ltr'>invicem</span> <span class='ocrx_word' id='word_1_245' title='bbox 1472 2225 1812 2291; x_wconf 83' lang='lat' dir='ltr'>collidentur,</span> 
     </span>
     <span class='ocr_line' id='line_1_30' title="bbox 144 2295 1809 2365; baseline 0.003 -19"><span class='ocrx_word' id='word_1_246' title='bbox 144 2297 371 2364; x_wconf 76' lang='lat' dir='ltr'>plerique</span> <span class='ocrx_word' id='word_1_247' title='bbox 404 2295 683 2348; x_wconf 86' lang='lat' dir='ltr'>tentabunt</span> <span class='ocrx_word' id='word_1_248' title='bbox 710 2297 816 2347; x_wconf 83' lang='lat' dir='ltr'>vias</span> <span class='ocrx_word' id='word_1_249' title='bbox 855 2295 928 2346; x_wconf 91' lang='lat' dir='ltr'>sui</span> <span class='ocrx_word' id='word_1_250' title='bbox 955 2295 1328 2348; x_wconf 86' lang='lat' dir='ltr'>reconciliandi</span> <span class='ocrx_word' id='word_1_251' title='bbox 1365 2301 1419 2348; x_wconf 87' lang='lat' dir='ltr'>in</span> <span class='ocrx_word' id='word_1_252' title='bbox 1449 2300 1657 2365; x_wconf 77' lang='lat' dir='ltr'>gratiam</span> <span class='ocrx_word' id='word_1_253' title='bbox 1695 2315 1809 2351; x_wconf 85' lang='lat' dir='ltr'>cum</span> 
     </span>
     <span class='ocr_line' id='line_1_31' title="bbox 146 2368 1810 2441; baseline 0.001 -19"><span class='ocrx_word' id='word_1_254' title='bbox 146 2368 295 2422; x_wconf 86' lang='lat' dir='ltr'>hoste</span> <span class='ocrx_word' id='word_1_255' title='bbox 322 2410 335 2432; x_wconf 83' lang='lat'>,</span> <span class='ocrx_word' id='word_1_256' title='bbox 374 2370 451 2421; x_wconf 82' lang='lat' dir='ltr'>vel</span> <span class='ocrx_word' id='word_1_257' title='bbox 489 2386 578 2438; x_wconf 88' lang='lat' dir='ltr'>per</span> <span class='ocrx_word' id='word_1_258' title='bbox 613 2371 864 2421; x_wconf 87' lang='lat' dir='ltr'>incuriam</span> <span class='ocrx_word' id='word_1_259' title='bbox 911 2373 1094 2423; x_wconf 89' lang='lat' dir='ltr'>omnia</span> <span class='ocrx_word' id='word_1_260' title='bbox 1128 2370 1315 2423; x_wconf 87' lang='lat' dir='ltr'>sursum</span> <span class='ocrx_word' id='word_1_261' title='bbox 1354 2369 1591 2424; x_wconf 83' lang='lat' dir='ltr'>deorsum</span> <span class='ocrx_word' id='word_1_262' title='bbox 1628 2374 1810 2441; x_wconf 82' lang='lat' dir='ltr'>ibunt,</span> 
     </span>
     <span class='ocr_line' id='line_1_32' title="bbox 145 2442 1815 2515; baseline 0.002 -19"><span class='ocrx_word' id='word_1_263' title='bbox 145 2457 201 2496; x_wconf 92' lang='lat' dir='ltr'>ut</span> <span class='ocrx_word' id='word_1_264' title='bbox 224 2442 326 2511; x_wconf 84' lang='lat' dir='ltr'>ipsa</span> <span class='ocrx_word' id='word_1_265' title='bbox 352 2486 365 2508; x_wconf 87' lang='lat'>‚</span> <span class='ocrx_word' id='word_1_266' title='bbox 405 2444 442 2495; x_wconf 84' lang='lat' dir='ltr'>fi</span> <span class='ocrx_word' id='word_1_267' title='bbox 479 2445 603 2496; x_wconf 88' lang='lat' dir='ltr'>velit</span> <span class='ocrx_word' id='word_1_268' title='bbox 631 2486 645 2507; x_wconf 93' lang='lat'>‚</span> <span class='ocrx_word' id='word_1_269' title='bbox 692 2443 820 2494; x_wconf 86' lang='lat' dir='ltr'>salus</span> <span class='ocrx_word' id='word_1_270' title='bbox 847 2444 998 2511; x_wconf 80' lang='lat' dir='ltr'>rebus</span> <span class='ocrx_word' id='word_1_271' title='bbox 1035 2444 1243 2512; x_wconf 86' lang='lat' dir='ltr'>perditis</span> <span class='ocrx_word' id='word_1_272' title='bbox 1277 2446 1519 2513; x_wconf 86' lang='lat' dir='ltr'>opitulari</span> <span class='ocrx_word' id='word_1_273' title='bbox 1561 2463 1670 2497; x_wconf 92' lang='lat' dir='ltr'>non</span> <span class='ocrx_word' id='word_1_274' title='bbox 1702 2449 1815 2515; x_wconf 88' lang='lat' dir='ltr'>pos-</span> 
     </span>
     <span class='ocr_line' id='line_1_33' title="bbox 147 2517 1822 2589; baseline 0.003 -19"><span class='ocrx_word' id='word_1_275' title='bbox 147 2517 318 2570; x_wconf 88' lang='lat' dir='ltr'>fit.Sin</span> <span class='ocrx_word' id='word_1_276' title='bbox 344 2530 516 2569; x_wconf 89' lang='lat' dir='ltr'>autem</span> <span class='ocrx_word' id='word_1_277' title='bbox 545 2517 864 2569; x_wconf 87' lang='lat' dir='ltr'>illustrissimi</span> <span class='ocrx_word' id='word_1_278' title='bbox 892 2517 1111 2570; x_wconf 86' lang='lat' dir='ltr'>Ordines</span> <span class='ocrx_word' id='word_1_279' title='bbox 1130 2535 1298 2572; x_wconf 85' lang='lat' dir='ltr'>revera</span> <span class='ocrx_word' id='word_1_280' title='bbox 1327 2519 1464 2584; x_wconf 82' lang='lat' dir='ltr'>sunt,</span> <span class='ocrx_word' id='word_1_281' title='bbox 1487 2523 1660 2589; x_wconf 88' lang='lat' dir='ltr'>quales</span> <span class='ocrx_word' id='word_1_282' title='bbox 1698 2537 1822 2575; x_wconf 84' lang='lat' dir='ltr'>con.</span> 
     </span>
     <span class='ocr_line' id='line_1_34' title="bbox 119 2589 1820 2666; baseline 0.002 -22"><span class='ocrx_word' id='word_1_283' title='bbox 119 2589 121 2591; x_wconf 75' lang='grc'><strong>’</strong></span> <span class='ocrx_word' id='word_1_284' title='bbox 158 2590 400 2646; x_wconf 85' lang='lat' dir='ltr'>sentiente</span> <span class='ocrx_word' id='word_1_285' title='bbox 440 2591 582 2648; x_wconf 81' lang='lat' dir='ltr'>fama</span> <span class='ocrx_word' id='word_1_286' title='bbox 611 2591 845 2647; x_wconf 81' lang='lat' dir='ltr'>feruntur</span> <span class='ocrx_word' id='word_1_287' title='bbox 874 2633 891 2659; x_wconf 83' lang='lat'>‚</span> <span class='ocrx_word' id='word_1_288' title='bbox 943 2591 1050 2647; x_wconf 88' lang='lat' dir='ltr'>hoc</span> <span class='ocrx_word' id='word_1_289' title='bbox 1088 2592 1156 2647; x_wconf 89' lang='lat' dir='ltr'>est</span> <span class='ocrx_word' id='word_1_290' title='bbox 1198 2594 1294 2645; x_wconf 84' lang='lat' dir='ltr'>viri</span> <span class='ocrx_word' id='word_1_291' title='bbox 1324 2607 1500 2659; x_wconf 82' lang='lat' dir='ltr'>graves</span> <span class='ocrx_word' id='word_1_292' title='bbox 1541 2638 1556 2662; x_wconf 86' lang='lat'><em>‚</em></span> <span class='ocrx_word' id='word_1_293' title='bbox 1598 2594 1820 2666; x_wconf 81' lang='lat' dir='ltr'>cordati,</span> 
     </span>
    </p>

    <p class='ocr_par' dir='ltr' id='par_1_3' title="bbox 1206 2669 1823 2740">
     <span class='ocr_line' id='line_1_35' title="bbox 1206 2669 1823 2740; baseline -0.003 -21"><span class='ocrx_word' id='word_1_294' title='bbox 1206 2670 1257 2724; x_wconf 85' lang='lat' dir='ltr'>V</span> <span class='ocrx_word' id='word_1_295' title='bbox 1323 2684 1349 2719; x_wconf 70' lang='lat' dir='ltr'>a</span> <span class='ocrx_word' id='word_1_296' title='bbox 1600 2669 1823 2740; x_wconf 76' lang='lat' dir='ltr'>pruden-</span> 
     </span>
    </p>
   </div>
  </div>
 </body>
</html>
