2284 3132
283 19 296 42 8

636 109 968 160 sst-:met
1031 109 1265 163 Lmen
1335 117 1450 166 111.
1754 133 1859 190 309

164 217 456 271 eorumque
470 198 658 253 subditi
677 201 1162 270 abstinent0,neque
1179 218 1243 254 eo
1260 207 1691 262 commerciorum
1714 214 1839 264 caus
1830 233 1858 269 a

168 278 563 349 proficiscuntor
578 277 669 329 nisi
686 279 960 344 impetrato
977 278 1130 344 Regis
1147 277 1399 331 consensu
1430 298 1853 354 commeatuque.

165 352 325 424 Qd
342 370 460 406 vero
476 354 660 404 attinet
677 353 739 403 ad
756 354 1004 420 loca,quae
1018 354 1129 416 alijs
1148 354 1381 420 Regibus
1396 400 1408 419 ‚
1429 356 1737 411 Proceribus
1763 379 1849 416 aut

163 429 366 497 populis
383 427 599 479 subiesta
618 423 750 492 sunt,
767 428 863 478 etiz't
882 442 1019 478 extra
1038 428 1231 478 limites
1247 429 1538 499 Europae05‚
1566 435 1726 486 liceto
1744 439 1849 491 Or.

164 502 370 556 dinibus
384 518 665 570 eorumque
679 501 888 553 subditis
902 504 961 563 ijs
974 504 1028 551 in
1045 502 1173 553 locis
1190 519 1248 554 ac
1266 506 1572 570 regionibus
1588 525 1762 561 comm
1773 532 1846 566 er·

163 580 267 630 cari
287 577 761 644 acnegotiari,dum
779 577 831 626 id
849 576 938 627 fiat
957 580 1377 646 permittentibus
1406 581 1644 633 locorum
1674 585 1842 641 domi.

161 655 258 717 οἱς,
279 669 378 704 nec
393 653 548 704 ullam
567 668 769 703 moram
789 666 874 703 aut
888 651 1321 719 impedimentum
1346 655 1560 717 objiciet
1589 661 1703 710 Rex
1722 664 1846 714 eius-

160 744 222 782 vc
239 727 541 792 administri,
564 729 735 789 vicarij
756 742 839 777 aut
854 727 1092 790 officiarii
1114 770 1129 794 ‚
1144 732 1426 796 quominus
1441 731 1642 783 domini
1658 734 1843 789 locorii

159 819 277 854 eam
297 803 590 853 libertatem
605 801 698 852 suo
715 802 959 852 arbitratu
979 804 1305 872 concedant,
1322 821 1417 856 nec
1443 810 1555 874 ipsis
1574 809 1836 865 Ordinum

157 876 371 928 subditis
387 878 655 943 negotium
674 891 757 927 aut
775 877 1068 928 molestiam
1085 877 1299 941 facesset,
1332 887 1613 946 quominus
1645 902 1710 937 eo
1731 889 1842 952 jure:

159 951 498 1005 commeandi
517 951 1012 1016 commercandique
1027 952 1184 1004 libere
1197 968 1422 1006 utantur.

231 1102 295 1153 Et
309 1101 567 1171 quoniam
587 1099 733 1167 longi
749 1103 998 1168 temporis
1021 1102 1174 1152 transtu
1189 1119 1318 1170 opus
1337 1105 1408 1155 est
1426 1106 1621 1175 priusqu
1631 1124 1709 1160 am
1730 1096 1835 1163 cer-

153 1177 312 1228 tiores
338 1178 449 1228 fieri
480 1175 671 1242 possint
705 1179 792 1242 qui
822 1191 959 1226 extra
995 1176 1125 1227 fines
1150 1178 1360 1246 Europae
1376 1197 1491 1231 cum
1511 1184 1753 1236 instructu
1784 1189 1833 1237 δε

152 1252 371 1304 navibus
389 1251 704 1302 commercia
720 1265 1026 1311 exercent,ut
1042 1252 1106 1301 ab
1123 1256 1269 1302 omni
1283 1253 1562 1307 hostilitate
1578 1259 1834 1327 defistanr,

154 1326 344 1394 placuit
375 1344 435 1378 ex
466 1328 736 1376 communi
755 1324 997 1375 sententia
1028 1328 1237 1376 initium
1255 1329 1577 1380 induciarum
1594 1331 1707 1385 fore
1742 1335 1833 1387 de-

150 1404 454 1453 mumintra
473 1415 668 1451 annum
686 1400 750 1448 ab
781 1398 1041 1450 hodierno
1075 1400 1154 1450 die
1180 1401 1578 1469 supputandum.
1624 1409 1835 1460 Tamen

152 1476 190 1529 fi
206 1477 353 1526 citius
374 1476 633 1543 perveniat
652 1473 714 1523 ad
734 1489 821 1524 eos
836 1475 1024 1525 notitia
1042 1476 1309 1541 padiorum
1329 1494 1704 1531 conventorum
1726 1525 1736 1545 ‚
1761 1501 1832 1535 re-

146 1551 223 1601 ste
242 1551 289 1599 ὅ(
305 1550 509 1607 ordine,
530 1559 679 1610 atque
702 1561 758 1596 ex
777 1549 923 1597 bonae
942 1546 1062 1599 fidei
1085 1550 1368 1618 praescripto
1381 1551 1569 1604 facient
1600 1556 1633 1606 fi
1667 1558 1730 1607 ab
1759 1575 1829 1608 eo

147 1635 381 1688 tempore
397 1619 498 1671 sese
513 1620 578 1671 ab
593 1622 742 1669 omni
775 1623 881 1673 astu
913 1622 1084 1673 hostili
1115 1629 1440 1678 contineant.
1478 1630 1635 1696 Qod
1652 1633 1684 1682 fi
1716 1633 1829 1698 post

148 1696 281 1750 istud
302 1695 513 1765 spatium
538 1694 642 1744 ulla
657 1694 906 1769 thitas
922 1696 1131 1749 admissa
1146 1698 1326 1764 fuerit,
1354 1702 1604 1757 damnum
1622 1707 1670 1757 ὁ(
1694 1708 1829 1759 iniu-

150 1773 223 1825 ria
248 1773 503 1824 continuo
521 1772 568 1820 ὅ(
585 1770 692 1822 sine
710 1770 1127 1839 tergiversatione
1140 1776 1471 1841 reparabitur.

225 1919 423 1972 Subditi
449 1921 498 1969 &
523 1918 706 1969 incolae
736 1923 1009 1987 regionum
1039 1938 1141 1972 tam
1173 1922 1332 1989 Regis
1350 1922 1823 1995 Archiducuntque,

149 2012 307 2065 quam
328 1995 592 2047 Ordinum
610 1995 1086 2046 confoederatorum
1100 1997 1237 2046 ultro
1250 2001 1485 2066 citroque
1502 2007 1829 2068 negotiantes

150 2088 216 2124 ne
235 2071 552 2139 gravioribus
569 2072 788 2135 tributi5‚
805 2069 1045 2137 portoriis
1062 2088 1120 2122 ac
1145 2073 1478 2138 vestigalibus
1508 2092 1792 2127 onerantur
1807 2117 1824 2144 ,

150 2162 309 2215 quam
328 2149 418 2215 ipsi
434 2163 604 2198 earum
623 2149 918 2212 regionum,
935 2147 1024 2195 ubi
1041 2148 1129 2196 illa
1154 2144 1671 2216 solvtinttir‚st1bie&i,
1696 2153 1827 2202 ami.

147 2228 198 2276 ci
215 2227 263 2276 ὅ(
278 2219 529 2288 foederati,
544 2224 635 2290 qui
647 2223 886 2273 minimis
900 2222 1146 2273 oneribus
1161 2220 1554 2290 adstringuntur.

224 2371 425 2423 Subditi
443 2373 489 2421 ὅ(
504 2371 682 2421 incolae
696 2370 1037 2422 dominorum
1057 2370 1325 2422 Ordinum
1351 2372 1531 2423 eadem
1561 2372 1824 2425 securitate

147 2465 208 2502 ac
221 2449 458 2499 libertate
475 2446 713 2497 fruuntor
726 2448 779 2497 in
795 2447 920 2496 locis
935 2463 992 2497 ac
1006 2446 1254 2507 dominiis
1267 2449 1418 2515 Regi,
1458 2450 1503 2497 ὃ(
1522 2446 1823 2499 Archiduct‘i

146 2525 364 2591 imperio
382 2520 627 2583 sufficitis»,
656 2537 761 2590 quae
775 2521 1009 2573 conceffa
1041 2521 1152 2573 sunt
1182 2522 1395 2574 subditis
1421 2525 1578 2592 Regis
1596 2523 1822 2590 Magna:-

143 2596 424 2655 Btitanniae
442 2598 504 2652 in
530 2596 742 2653 transsatu
761 2598 897 2671 pacis
923 2613 1234 2725 nugrdcum
1262 2597 1377 2672 ipso
1405 2613 1676 2655 conventae
1700 2639 1730 2721 ὲ
1754 2593 1823 2646 se-

1594 2687 1695 2726 cun
1734 2683 1824 2723 um
