2284 3132
563 119 897 170 BELGICI
959 117 1189 168 LIBER
1270 118 1318 170 1.
1748 125 1816 183 '51‘

143 204 342 259 bellum
360 220 477 258 cum
493 205 705 260 Polonis
734 206 1042 276 gerendum.
1093 208 1247 259 Multi
1279 211 1614 262 centuriones
1641 210 1690 261 &
1716 213 1816 262 mi-

143 283 254 333 lites
273 282 411 333 Galli
429 282 578 334 taedio
595 286 777 351 quietis
797 325 811 347 ‚
845 285 893 332 δε
909 280 1148 349 cupidine
1164 283 1444 349 quaerendae
1458 285 1618 335 laudis
1638 288 1817 336 nomi-

141 372 210 408 na
228 355 478 408 dederunt
494 371 546 407 ut
560 360 616 407 in
635 356 868 408 sueciam
886 357 1191 415 traiicerent.
1230 359 1492 409 Nonnulli
1513 361 1563 410 in
1584 360 1809 412 Galliam

142 430 256 481 sunt
273 430 487 496 profeffi
505 446 562 481 ut
576 431 650 481 ibi
669 433 842 498 copias
859 430 1189 496 colligerent.
1256 432 1434 497 Legati
1453 432 1692 484 confeffls
1723 451 1810 486 ne-

141 507 530 570 gotijsquorum
548 505 688 555 causa
733 502 865 555 miffi
894 518 1036 554 erant
1064 504 1127 554 ad
1149 507 1355 572 Regem
1371 505 1511 556 suum
1530 507 1806 562 redierunt.

142 578 263 628 Haec
313 594 379 628 eo
406 594 545 628 anuo
575 578 712 646 gesta
756 578 869 629 sunt
898 591 1009 629 tum
1042 581 1170 630 circa
1204 583 1612 632 conventionem
1651 582 1801 635 indu-

141 656 334 704 ciarum
362 655 415 701 in
452 667 514 703 v1
534 667 550 704 1
571 668 586 704 ι
628 651 826 703 menses
867 690 880 708 ,
911 667 1024 702 tum
1058 654 1186 704 circa
1218 654 1596 706 ratihabitionis
1627 656 1808 708 instru-

139 741 342 788 menta,
361 727 544 792 quibus
575 729 757 793 ingens
772 725 995 778 diuturni
1029 726 1151 776 belli
1180 730 1445 793 praemium
1472 730 1804 794 sanciebatur,

138 814 199 850 ut
215 803 367 850 unitae
381 800 657 853 Provinciae
670 798 909 867 suffragio
923 801 970 848 ὅ(
984 801 1359 867 approbatione
1372 818 1422 851 m
1432 805 1582 852 aximi
1602 805 1806 870 Regum

135 873 514 926 declararentur
527 875 744 942 populus
763 876 920 930 liber,
968 873 1144 940 suique
1161 876 1280 925 iuris
1295 892 1351 925 ac
1366 878 1608 943 mancipij
1632 920 1645 940 ,
1689 879 1802 930 nul.

138 947 332 1014 liusque
350 948 596 1017 Principis
610 950 1038 1016 externiimperio
1069 964 1127 998 ac
1153 947 1505 1000 dominationi
1531 951 1803 1003 subiec‘tuS.

139 1023 349 1089 Magnis
368 1025 550 1073 animis
564 1024 613 1071 <Se
642 1022 1071 1073 contentionibus
1086 1035 1332 1074 certatum
1353 1024 1424 1074 est
1455 1025 1588 1077 circa
1615 1027 1799 1076 verbo-

141 1114 253 1148 rum
270 1098 504 1163 aucupa,
523 1098 571 1145 &
586 1095 817 1147 sensuum
835 1097 1211 1162 ambiguitates.
1229 1097 1355 1146 Non
1375 1098 1545 1165 potest
1560 1114 1671 1149 non
1692 1100 1798 1151 lau·

136 1172 245 1221 dari
263 1168 720 1237 patriasollicitudo
741 1185 922 1220 eorum
954 1169 1138 1236 quibus
1156 1171 1366 1237 publicae
1394 1171 1654 1237 dignitatis
1683 1189 1801 1227 cura

138 1244 558 1312 incumbit‚quod
573 1244 865 1293 libertatem
882 1249 1066 1294 civium
1082 1246 1338 1294 munitam
1354 1245 1534 1295 validis
1552 1259 1678 1298 terra
1693 1264 1803 1299 ma-

137 1321 283 1388 rique
300 1318 486 1369 viribus
501 1358 516 1379 ,
532 1314 998 1385 potentiffimorum
1014 1318 1220 1383 Regum
1238 1320 1285 1367 &
1303 1319 1598 1386 Principum
1624 1324 1802 1373 amici-

139 1397 208 1445 tia
226 1435 239 1456 ‚
255 1390 538 1442 foederibus
551 1428 564 1446 ,
583 1391 776 1453 auxiliis
794 1406 942 1460 atque
961 1392 1143 1458 opibus
1163 1434 1173 1453 ‚
1196 1392 1585 1460 comprobatam
1613 1394 1802 1450 afl'ensu

138 1469 382 1518 omnium
397 1466 580 1533 quibus
595 1463 810 1532 suspecta
830 1467 901 1517 est
925 1467 972 1514 ὅ(
1005 1464 1344 1518 formidolosa
1356 1468 1514 1533 Regis
1529 1468 1800 1536 Hispania-

140 1557 252 1592 rum
283 1542 440 1606 longe
466 1541 662 1607 lateque
689 1542 919 1606 porrecta
948 1538 1238 1590 dominatio
1274 1582 1288 1603 ,
1321 1541 1512 1592 firmari
1540 1543 1801 1595 voluerint

133 1617 286 1682 ipsius
303 1613 458 1665 hostis
472 1656 487 1674 ‚
529 1613 797 1681 quondam
811 1614 1010 1665 domini
1027 1612 1096 1664 sui
1112 1613 1433 1667 confessione
1449 1659 1463 1680 ‚
1497 1618 1545 1665 ὅ(
1562 1616 1799 1685 formulis

134 1688 202 1740 ad
217 1687 631 1740 accuratissimam
650 1704 892 1740 normam
913 1688 1110 1752 εκαᾶἱε,
1130 1705 1195 1740 ne
1211 1689 1336 1756 quid
1352 1688 1641 1743 solennium
1661 1691 1800 1743 dees-

134 1766 209 1814 set
226 1764 261 1815 fi
279 1761 414 1814 forte
434 1779 605 1813 coram
622 1761 782 1831 iudice
798 1761 939 1813 causa
969 1761 1115 1812 status
1139 1765 1192 1815 in
1220 1766 1624 1816 controversiam
1654 1767 1796 1818 veni-

137 1851 234 1888 ret.
270 1836 366 1886 Sed
383 1836 614 1904 profet‘lto
628 1837 830 1887 nullum
849 1836 917 1888 est
931 1836 1186 1887 infirmius
1204 1837 1488 1888 stabilitatis
1517 1840 1797 1897 vinculum,

139 1926 232 1961 nec
246 1912 415 1961 minus
431 1910 648 1962 idonens
663 1909 906 1963 diuturnae
923 1910 1042 1962 fidei
1056 1908 1270 1978 sponsor
1286 1954 1298 1973 ,
1328 1928 1481 1978 quam
1500 1913 1640 1980 pasta
1668 1928 1795 1964 con-

138 1999 292 2036 venta
307 1999 412 2050 quae
429 1987 665 2052 temporis
682 1986 822 2036 causa
836 1984 1190 2036 conceduntur
1207 2025 1222 2035 .
1255 1985 1610 2038 Vehementer
1625 2002 1799 2040 autem

140 2073 286 2121 errat,
301 2060 339 2110 fi
356 2061 465 2124 quis
480 2073 615 2125 putat
628 2059 795 2126 Reges
809 2057 988 2111 affeetu
1006 2063 1053 2110 ἃ
1071 2060 1434 2111 benevolentia
1455 2061 1643 2123 duci‚ut
1656 2078 1807 2129 aequo

138 2131 337 2183 foedere
356 2133 515 2184 velint
532 2132 711 2199 pacisci
728 2150 844 2185 cum
865 2135 1062 2202 populo
1080 2132 1171 2183 suis
1186 2135 1319 2184 olim
1345 2134 1543 2202 legibus
1570 2135 1796 2203 subdit0,

136 2207 230 2257 nisi
247 2219 489 2272 quatenus
504 2208 564 2267 ijs
578 2207 877 2259 antevidens
890 2209 1079 2259 utilitas
1096 2206 1296 2272 suadet,
1313 2222 1397 2259 aut
1423 2207 1687 2260 neccffitas
1704 2212 1798 2262 im..

138 2292 355 2348 perat,ut
373 2278 688 2348 quandoque
705 2280 960 2348 resumptis
970 2282 1158 2333 viribus
1171 2298 1269 2332 nec
1284 2285 1553 2350 opinantes
1571 2286 1618 2332 ὅ(
1635 2285 1798 2352 impa-

137 2367 274 2404 ratos
289 2356 580 2421 opprimere
599 2368 810 2420 queant.
887 2354 1014 2405 Non
1047 2357 1117 2406 est
1143 2369 1317 2406 tamen
1349 2360 1401 2406 in
1419 2358 1582 2407 dubio
1596 2374 1798 2424 ponen.

134 2426 279 2489 dum,
293 2431 418 2493 quin
435 2427 679 2479 charitate
694 2431 929 2495 patriae‚&
942 2432 1225 2480 reverentia
1241 2430 1481 2480 libertatis
1495 2430 1547 2482 fu
1556 2432 1687 2483 erint
1701 2434 1799 2481 im-

139 2501 266 2569 pulsi
282 2543 294 2564 ,
314 2505 401 2567 qui
415 2515 518 2552 tam
536 2503 680 2552 anxie
694 2503 884 2569 singula
901 2508 1278 2554 examinarunt.
1317 2503 1445 2571 Saepe
1457 2509 1593 2556 enim
1611 2521 1804 2571 magnae

137 2575 452 2628 calamitates
465 2589 582 2627 ortae
598 2575 710 2628 sunt
747 2593 808 2630 ex
832 2577 1084 2631 malitiosa
1114 2577 1392 2629 verborum
1420 2581 1800 2648 interpretatio-

1116 2650 1165 2701 G
1239 2666 1268 2700 2.
1722 2669 1802 2706 ne.
