2284 3132
587 137 917 189 BELGICI
969 139 1215 189 LIBER
1286 143 1366 189 11.
1767 158 1849 208 117

152 234 489 303 explorentur
508 230 1084 300 animi‚cognoscaturq;
1118 233 1300 299 genitis
1315 233 1498 299 geum,
1518 233 1564 282 δε
1581 248 1686 303 quae
1705 236 1760 286 sit
1783 236 1845 288 fi—

150 310 319 371 ducia,
338 322 445 374 quae
459 308 591 357 vires
606 319 761 370 atque
776 322 897 372 opes
909 309 1170 358 unitarum
1193 307 1383 358 Provin
1395 310 1605 359 ciarum.
1670 316 1835 364 uocir-

149 401 207 435 ca
221 399 332 433 non
352 380 452 432 esse
470 379 629 431 visum
647 379 936 431 Ordinibus
954 398 1007 431 ut
1022 384 1260 433 licentius
1278 382 1424 432 illudi
1457 387 1708 448 patientia:
1741 430 1753 449 ,
1776 391 1823 439 δε

147 458 382 509 facilitati
398 456 482 519 suq:
503 468 975 522 paterentur‚atque
990 457 1126 507 hanc
1141 473 1197 506 ex
1209 456 1259 506 sti
1271 456 1378 506 iisse
1395 456 1828 529 causam‚alia1quc

148 548 262 584 non
280 531 419 582 exilis
437 532 698 579 momenti
716 529 852 596 posse
872 531 1050 581 adferri
1070 533 1358 597 quamobrc
1378 529 1665 583 censuerint
1697 552 1825 588 con-

143 621 365 659 ventum*
379 605 477 657 esse
495 604 709 654 dirimcn
719 603 881 655 dum..
900 606 1143 656 Marcbio
1160 608 1205 654 ἃ
1223 607 1427 672 collegae
1451 609 1611 657 multa
1641 624 1823 661 conte-

150 680 342 732 stati-de
359 679 581 732 candore
601 681 973 746 &ingenuitate
994 679 1329 731 dominorum
1359 683 1582 744 suorum,
1602 683 1647 732 ὅ(
1666 701 1823 751 quam

145 755 370 807 heroum
388 767 581 805 mentes
599 755 694 805 sint
732 753 910 806 aversae
926 755 991 804 ab
1016 756 1166 806 omni
1183 753 1302 804 fuco
1318 754 1535 816 acd010‚
1554 758 1638 822 qui
1663 761 1820 808 timo-

147 834 213 881 ris
229 831 497 896 animique
515 827 782 895 degeneris
814 827 1064 880 indicium
1094 829 1277 896 praebet
1293 871 1306 892 ‚
1334 829 1747 882 consideraturos
1780 822 1826 884 se

145 917 313 956 totam
330 920 438 955 rem
457 902 908 955 dixerunt.Exinde
922 905 1086 970 questi
1103 903 1212 954 sunt
1227 903 1359 970 apud
1378 904 1602 971 Legatos
1619 909 1821 973 Regum

147 995 208 1030 ac
224 980 516 1046 Principum
536 977 600 1028 de
614 978 813 1029 sinistris
826 978 1190 1046 suspicionibus
1219 977 1441 1028 hominu
1469 980 1816 1045 plebeiorum,

148 1057 241 1121 qui
258 1068 419 1107 vanos
447 1048 723 1104 fibirnetus
741 1052 1029 1120 fingerent,
1051 1055 1099 1104 ὅ(
1114 1070 1172 1103 ex
1189 1051 1362 1115 judicij
1384 1052 1454 1104 sui
1478 1055 1819 1106 imbecillita-

146 1141 195 1179 te
211 1124 509 1196 generosam
522 1130 984 1193 magnanimorum
1000 1127 1282 1179 Procerum
1310 1126 1549 1178 indolem
1567 1131 1818 1180 metiren-

142 1213 243 1253 tur.
275 1203 328 1254 N
332 1218 403 1252 on
424 1201 483 1252 de
495 1202 665 1252 nihilo
680 1200 776 1252 visa
790 1202 856 1253 est
872 1218 1054 1253 eorum
1073 1201 1424 1268 expostulatio
1452 1202 1607 1253 Sexto
1619 1202 1815 1254 Kalen-

144 1276 232 1327 das
255 1276 599 1344 Septembreis
613 1290 864 1329 venerunt
890 1279 946 1327 in
965 1277 1246 1327 concilium
1277 1275 1542 1326 Ordinum
1576 1318 1589 1340 ‚
1630 1278 1819 1344 Legati

145 1365 280 1419 quos
299 1354 400 1402 iam
421 1352 581 1414 retuli,
600 1367 753 1418 atque
781 1351 856 1401 ibi
881 1368 1014 1404 voce
1032 1351 1251 1402 Praefidis
1268 1351 1491 1413 lanuini,
1512 1368 1539 1401 a
1556 1353 1696 1402 cuius
1727 1368 1818 1403 ore

147 1425 348 1477 fluebat
363 1423 533 1477 sermo
545 1426 704 1477 melle
720 1424 919 1476 dulcior
955 1468 969 1490 ,
997 1425 1106 1493 post
1134 1424 1370 1476 solennes
1386 1424 1633 1476 formulas
1650 1426 1820 1476 extol-

141 1497 290 1552 I'endi
319 1498 554 1553 laudibus
568 1499 746 1565 fidem,
762 1499 938 1568 studia,
957 1516 1126 1552 curam
1155 1515 1212 1551 ac
1244 1498 1664 1550 benevolentiam
1697 1499 1816 1551 suo·-

144 1590 259 1626 rum
279 1573 615 1625 dominorum
629 1616 642 1637 ,
661 1574 978 1626 declararunt
994 1575 1277 1642 quamipfis
1290 1571 1434 1624 cordi
1450 1572 1622 1625 fuisset
1649 1574 1818 1626 effice-

143 1662 261 1702 reut
290 1649 486 1700 bellum
515 1648 646 1700 istud
669 1649 927 1702 funestum
959 1665 1111 1717 atque
1140 1649 1492 1699 calamitosum
1512 1646 1613 1699 fida
1629 1665 1812 1716 perpe-

148 1736 337 1790 tuaque
363 1740 486 1791 pace
502 1723 641 1775 finiri
655 1725 821 1792 posset
838 1741 849 1772 :
865 1726 941 1776 sin
958 1737 1155 1785 tantum
1174 1724 1300 1774 boni
1314 1721 1422 1773 fato
1433 1738 1820 1789 negaretur,nec

145 1798 315 1850 adbuc
329 1797 454 1860 justa
470 1798 1018 1866 Numinisindignatio
1047 1812 1123 1849 tot
1151 1797 1366 1848 caedibus
1384 1839 1397 1860 ‚
1413 1799 1463 1847 ὃς
1491 1796 1717 1847 cladibus
1736 1813 1819 1849 ex-

144 1875 283 1941 piata
299 1872 432 1930 esset,
450 1872 579 1924 illud
595 1871 820 1925 secundo
837 1875 958 1924 loco
971 1874 1065 1928 fibi
1081 1871 1182 1923 esse
1198 1875 1254 1922 in
1273 1869 1531 1922 mandatis
1548 1870 1742 1936 datum,
1758 1885 1816 1923 ut

143 1947 210 1998 de
223 1946 522 2016 paciscendis
549 1949 605 1998 in
621 1948 844 2014 longum
861 1961 1058 2015 tempus
1072 1946 1289 2010 inducijs
1316 1948 1448 1996 ratio
1466 1944 1822 2013 dispiceretur.

143 2022 453 2093 Quilibet
468 2024 611 2072 enim
638 2021 942 2073 conditione
957 2022 1187 2073 recidivo
1198 2021 1392 2073 morbo
1411 2018 1504 2070 effe
1519 2019 1800 2082 utiliorem,

152 2100 429 2148 &omnem
442 2111 611 2162 pacem
630 2107 746 2146 cum
763 2098 955 2148 civibus
984 2097 1123 2148 civili
1151 2097 1294 2146 bello
1324 2093 1534 2161 praeferri
1562 2108 1814 2161 oportere„

145 2187 247 2225 nec
264 2169 632 2222 decurrendum
647 2170 709 2221 ad
725 2187 861 2223 arma
879 2172 975 2224 nisi
990 2170 1265 2240 postquam
1292 2172 1471 2220 omnia
1497 2169 1712 2218 lenioris
1738 2184 1816 2218 re-

147 2244 288 2298 medi
296 2247 308 2308 j
327 2257 644 2296 tentamenta
660 2244 839 2296 frustra
856 2246 1117 2310 cesserunt,
1133 2242 1574 2313 quemadmodum
1594 2257 1702 2291 non
1721 2242 1815 2293 nisi

143 2320 440 2387 urgentibus
455 2319 644 2370 ultimis
658 2321 801 2370 malis
815 2320 1006 2371 medici
1020 2319 1080 2372 ad
1097 2318 1345 2370 urendum
1363 2315 1703 2368 secandumve
1730 2330 1812 2365 ac-

148 2394 334 2447 cedere
349 2392 727 2445 consueverunt
746 2433 758 2444 .
793 2395 920 2444 Non
936 2393 1097 2446 videri
1109 2390 1447 2459 repudiandas
1463 2388 1812 2457 lege5‚quibus

147 2469 364 2536 publicae
380 2467 629 2520 securitati
649 2482 898 2531 caveatur,
924 2471 1161 2537 civiumq3
1173 2469 1376 2518 libertas
1397 2465 1650 2533 dignitate
1665 2462 1807 2512 suam

150 2543 403 2608 obtineat,
423 2546 472 2593 ὃ(
484 2559 511 2593 a
525 2543 750 2611 periculo
763 2542 1009 2597 servitutis
1025 2557 1131 2594 tuta
1147 2544 1219 2595 sit.
1237 2540 1296 2591 Id
1314 2535 1552 2591 effecium
1573 2537 1674 2588 dari
1693 2533 1808 2602 pos·

149 2617 197 2672 se
213 2611 397 2670 talibus
408 2619 647 2687 utrinque
662 2618 1110 2672 conventionibus,
1137 2617 1368 2740 Prirrfium
1385 2617 1422 2671 fi
1437 2616 1546 2668 Rex
1562 2615 1608 2664 ὅ(
1624 2609 1812 2733 Aseni.

1353 2705 1376 2748 3
1699 2697 1819 2735 uces
