2284 3132
585 135 930 186 BELGICI
995 137 1221 189 LIBER
1289 141 1372 188 11.
1716 160 1805 209 ψ

128 227 262 282 Illud
275 227 520 297 praecipue
534 225 803 279 videbatur
819 228 1052 296 depofirt'i
1082 228 1204 280 fidei
1236 245 1295 280 ac
1311 231 1634 281 taciturnitati
1650 232 1819 301 Lega-

125 300 552 370 torfi,acproinde
568 302 662 352 nisi
682 304 733 351 in
750 319 800 352 re
816 303 1031 370 presenti
1047 306 1264 354 minime
1282 303 1821 375 divulgandum,quod

129 377 490 445 injungebatur
509 376 621 444 ipsis
639 391 691 426 ut
709 378 920 446 postqufi
943 378 999 429 de
1018 381 1225 446 reliquis
1241 395 1555 430 conventum
1579 383 1811 449 (Ἔθαψε-

129 454 386 505 detentim
407 453 455 500 ἃ
483 451 897 504 involvolimore
923 453 1162 504 sermone
1180 456 1449 512 injicerent
1480 472 1565 521 per
1593 456 1810 522 speciem

125 524 392 585 familiaris
410 526 658 591 colloquii
676 565 688 582 ,
706 541 948 594 tanquam
966 530 1105 577 uitro
1123 530 1236 595 ipsis
1249 531 1449 579 veniret
1478 533 1530 578 in
1561 546 1813 593 mentem,

127 618 230 654 nec
257 599 465 652 aliunde
479 600 850 667 suggereretur,
867 620 931 653 an
949 603 1179 652 Ordines
1207 608 1276 652 ita
1294 602 1623 654 confiderent
1645 608 1811 671 copiis

128 690 281 744 atque
297 676 482 741 opibus
496 674 618 736 suis,
634 690 689 725 ut
706 675 754 727 se
770 676 1003 727 adversus
1021 693 1238 726 omnem
1267 693 1532 728 externam
1563 680 1669 728 vim
1700 680 1814 730 satis

129 763 269 801 tutos
286 751 353 812 ‚&
367 752 600 799 munitos
613 748 721 800 fore
737 752 1375 819 arbitrarentur,qu,anidiu
1395 752 1600 812 sejuncti
1618 754 1681 803 ab
1699 754 1812 817 alijs

129 824 398 893 Belgarum
416 823 641 891 partibus
659 824 839 887 essent,
853 842 910 875 ac
923 827 1076 876 veluti
1094 825 1318 876 avulsum
1339 842 1364 874 a
1380 828 1583 893 reliquo
1596 844 1811 894 corpore

129 900 433 951 membrum
450 896 785 965 poss‘tderent:
830 902 877 949 ὃ(
897 896 958 950 an
978 915 1087 949 non
1108 917 1164 949 ex
1184 899 1440 968 utriusque
1459 902 1610 968 partis
1635 902 1718 955 usu
1740 917 1813 954 at-

130 991 236 1042 que
253 971 547 1024 commodo
561 971 807 1024 videretur
824 986 927 1023 tarn
952 975 1136 1024 aretam
1154 973 1363 1025 foederis
1377 973 1810 1027 necessitudinem

131 1049 387 1100 ambobus
404 1048 599 1114 populis
615 1048 945 1110 intercedere,
962 1062 1017 1098 ut
1033 1048 1240 1098 sublatis
1254 1049 1503 1099 omnibus
1518 1048 1810 1102 diffidentia:

128 1122 366 1190 scrupulis
381 1120 587 1171 eosdem
607 1120 784 1172 habitu
794 1125 828 1172 ri
840 1124 937 1174 sint
964 1124 1159 1173 amicos
1173 1125 1803 1189 atqueinimicos.Veris1-

131 1199 259 1248 mile
279 1197 347 1248 est
365 1212 454 1247 eos
468 1194 601 1246 haud
616 1198 961 1263 abnegaturos
973 1199 1099 1265 quin
1117 1197 1170 1245 id
1184 1199 1468 1265 plurimum
1497 1199 1552 1246 in
1569 1214 1803 1249 commu-

131 1289 257 1324 nem
277 1288 380 1322 rem
398 1269 626 1320 futurum
647 1272 718 1333 fir,
734 1269 814 1320 sed
828 1271 1104 1337 quomodo
1122 1270 1232 1322 fieri
1252 1284 1403 1338 queat
1421 1287 1549 1337 opus
1566 1271 1667 1322 esse
1699 1288 1809 1322 ma-

134 1363 245 1415 gnae
262 1347 434 1406 moliS‚
456 1346 503 1393 &
521 1344 808 1412 longinque
826 1345 1225 1396 deliberationis,
1243 1346 1293 1395 Si
1308 1344 1390 1394 sua
1404 1344 1578 1413 sponte
1596 1361 1707 1397 non
1723 1345 1809 1397 de·

131 1423 373 1473 labantur
386 1412 436 1469 in
455 1436 568 1470 eam
586 1418 912 1484 sententiam,
926 1432 985 1470 ut
1003 1419 1287 1469 rationibus
1309 1418 1403 1469 suis
1418 1418 1701 1470 conducere
1719 1437 1808 1487 pu.

131 1510 246 1547 tent
260 1494 552 1545 haberesibi
570 1494 855 1562 Principem
871 1497 1065 1561 ingenti
1084 1493 1347 1544 beneficio
1374 1492 1665 1545 devinctum
1684 1533 1698 1555 ,
1713 1497 1804 1561 qui

126 1587 244 1622 *non
262 1569 512 1619 mediocri
530 1570 695 1619 valeat
712 1571 960 1636 potentia,
983 1571 1028 1618 ὃ(
1046 1570 1100 1619 in
1130 1572 1369 1635 proximo
1400 1566 1567 1617 sedem
1599 1567 1808 1619 habeat:

133 1646 343 1711 Legatis
358 1644 731 1710 praecipiebatur
741 1657 795 1694 ut
814 1643 1009 1694 blando
1039 1642 1264 1712 quodam
1293 1656 1446 1709 atque
1482 1642 1690 1692 amabili
1727 1644 1808 1692 in-

134 1722 297 1769 troitu
311 1717 490 1768 furtim
505 1721 782 1784 irreperent
796 1721 849 1768 in
867 1719 1081 1779 causam,
1100 1720 1146 1768 &
1160 1713 1277 1767 ante
1312 1716 1615 1767 testarentur
1644 1732 1800 1783 quam

135 1793 200 1843 ab
216 1795 366 1842 omni
383 1790 665 1842 ambitione
681 1793 764 1842 tali
783 1794 877 1844 s1r1t
895 1794 1067 1844 alienae
1081 1805 1281 1843 mentes
1297 1791 1340 1839 A
1352 1789 1674 1853 rchiducum,
1691 1792 1809 1856 qui-

137 1867 230 1917 bus
246 1869 560 1934 propositum
579 1867 668 1930 est,
685 1880 928 1934 tanquam
948 1866 1188 1918 articulos
1204 1864 1345 1927 fidei,
1364 1865 1506 1931 pacta
1535 1877 1795 1915 conventa

131 1941 372 2008 religiose
387 1942 780 2003 observare‚nec
794 1943 958 1993 ullum
975 1956 1203 2008 unquam
1220 1941 1301 1999 -jus
1316 1940 1369 1988 in
1386 1939 1675 1990 Provincias
1691 1940 1803 1986 uni·

135 2031 207 2068 tas
225 2018 314 2068 fibi
335 2016 615 2082 vindicare,
630 2016 1051 2084 quandoquidem
1070 2014 1226 2065 semel
1254 2013 1380 2076 jadra
1398 2011 1517 2062 esset
1534 2013 1671 2062 alea:
1722 2008 1807 2060 sed

139 2105 319 2142 tamen
340 2091 373 2141 fi
393 2090 638 2157 praesrtim,
659 2094 704 2139 ὅ(
719 2087 858 2141 fideli
878 2092 1101 2142 amicitia
1119 2088 1342 2156 potentis
1373 2088 1587 2136 alicuius
1613 2084 1806 2134 Princi-

136 2168 214 2235 pis
231 2165 507 2215 nitendum
524 2165 659 2214 foret
676 2164 736 2223 ad
753 2158 1147 2216 conservandam
1166 2160 1367 2228 imperii
1384 2158 1808 2221 majestatem‚cui

141 2243 314 2308 potius
331 2257 446 2289 eum
469 2240 723 2290 honorem
742 2239 838 2290 effe
854 2236 1186 2290 deferendum
1209 2279 1221 2300 ,
1239 2249 1390 2302 quam
1410 2232 1804 2292 Archiducibus,

142 2331 200 2365 ut
216 2316 436 2374 comiter
448 2330 540 2381 pro
556 2312 905 2364 defensoribus
922 2317 970 2363 δε
986 2315 1215 2381 patronis
1228 2306 1568 2376 agnoscantur
1593 2309 1610 2356 ἲ
1657 2304 1808 2354 Nihil

141 2390 267 2439 inde
284 2390 504 2438 libertati
524 2391 711 2438 civium
733 2386 1183 2453 det1·ahetur‚nihil
1199 2383 1320 2448 resp.
1345 2383 1511 2448 capiet
1530 2379 1801 2441 detrimen,

140 2464 271 2514 nihil
301 2464 363 2513 de
393 2465 625 2530 potentia
655 2465 702 2511 ὃ(
728 2462 1039 2512 authoritate
1069 2455 1512 2510 illustriffimorum
1546 2453 1804 2503 Ordinum

148 2535 463 2588 delibabitur
483 2539 750 2603 :quinimo
769 2537 990 2586 multum
1011 2533 1213 2585 accedet
1230 2547 1412 2582 eorum
1434 2531 1606 2596 gloria:
1624 2569 1636 2590 ,
1666 2523 1808 2592 quod

145 2614 349 2682 nepoti,
387 2611 514 2677 filio,
531 2611 623 2663 frat
634 2615 668 2661 ri
688 2610 933 2663 (lasarum
948 2651 962 2675 ‚
1001 2610 1138 2680 quod
1167 2606 1393 2672 (augustas
1428 2603 1624 2656 Infanti
1662 2643 1675 2664 ‚
1693 2600 1809 2681 filiae

1027 2692 1032 2698 “
1220 2681 1252 2731 S
1331 2697 1354 2739 3
1596 2677 1811 2727 maximi
