2284 3132
380 130 482 185 ‘165
817 121 913 169 DE
979 116 1358 170 INDVCIIS
1426 115 1653 165 BELLI

386 208 723 286 judicandum
753 207 824 258 est
857 217 1040 255 contra
1070 205 1243 254 bonos
1272 217 1442 251 utores
1467 198 1786 266 adversisque
1818 198 2070 267 at,1spicijS‚

389 307 484 340 nec
500 285 747 352 populum
766 281 851 329 tali
870 279 1130 329 satistione
1148 278 1328 327 teneri.
1351 276 1586 327 Libertas
1602 277 1742 326 enim
1763 290 1872 325 non
1889 277 1943 324 in
1963 289 2078 341 per-

395 361 597 418 tinacia,
615 353 760 404 sedin
780 351 1137 404 moderatione
1155 351 1395 399 consistit.
1415 350 1740 416 Caesaresipst
1765 347 2078 410 rescindunt,

397 438 445 485 ὅ(
463 433 650 483 nullius
665 426 761 478 effe
777 429 1035 477 momenti
1068 427 1292 476 statuunt
1320 422 1403 473 sua
1419 421 1656 489 rescripta
1695 461 1711 488 ‚
1727 437 1833 488 quae
1860 422 2076 489 publicae

398 507 606 559 utilitati
623 501 968 555 adversantur.
1001 500 1092 550 Ob
1117 498 1396 549 utilitatem
1418 538 1430 561 ‚
1449 512 1555 564 quae
1583 512 1747 564 prope
1773 508 1942 546 mater
1969 494 2082 547 iusti

408 582 599 647 &aequi
632 575 863 627 censetur
881 619 892 639 ‚
910 575 1073 625 multa
1104 574 1292 624 mutari
1323 571 1549 637 expedit,
1574 587 1679 638 quae
1705 569 2082 638 postulantibus

411 660 536 722 reip.
556 652 885 719 temporibus
903 649 1031 700 reite
1050 651 1096 699 ὃ(
1113 644 1294 696 ordine
1310 644 1579 695 constituta
1598 644 1820 695 fuerunt.
1875 643 2084 694 Mutatae

415 732 520 794 jam
540 727 648 777 sunt
663 727 799 775 vices
818 740 1008 786 terum,
1029 724 1134 773 hate
1153 719 1260 769 dies
1274 721 1422 770 aliam
1442 722 1600 771 vitam
1619 759 1632 782 ‚
1668 719 1790 769 alios
1804 717 1977 768 mores
1993 734 2085 785 po-

419 803 585 854 stulat.
624 802 735 853 Vos
765 801 797 861 ij
832 799 946 849 estis
977 813 1128 866 penes
1144 810 1273 861 quos
1301 795 1471 860 legum
1502 792 1847 859 rogandarum
1868 793 1915 840 ἃ
1933 792 2086 842 abro-

414 874 697 944 gandarum
713 874 930 939 potestas
943 872 1220 924 est-Vestro
1235 882 1359 919 nutu
1376 869 1424 916 ὅ(
1436 867 1687 917 arbitratu
1703 879 1897 916 mentes
1913 867 2086 934 publi-

413 954 459 1001 ci
476 950 673 1000 consilii
690 948 964 999 fleetuntur
979 962 1032 998 ac
1050 945 1420 1012 gubernantur.
1471 939 1630 1011 Qod
1656 940 1693 994 fi
1708 941 1871 1007 legem
1888 940 2089 1006 prorsus

412 1023 611 1076 aboleri
626 1024 850 1073 minime
867 1023 1049 1089 placet,
1069 1018 1206 1069 haud
1220 1014 1429 1069 absurde
1444 1016 1494 1065 id
1511 1016 1656 1066 vobis
1672 1015 1944 1067 consilium
1971 1030 2089 1082 pro·

415 1113 692 1167 ponemu5‚
713 1096 858 1164 quod
872 1097 1002 1147 olim
1022 1095 1202 1144 Pericli
1216 1092 1376 1142 fertur
1402 1088 1583 1140 dedisse
1600 1090 1823 1156 Legatus
1846 1088 2092 1140 Lacedae-

411 1175 713 1224 moniorum
735 1172 1017 1237 PolyarceS.
1074 1168 1210 1219 Nam
1239 1181 1400 1233 quum
1418 1164 1641 1213 Pericles
1668 1163 1969 1230 negaretfas
1998 1160 2095 1213 effe

417 1248 542 1297 loco
555 1247 756 1297 moveri
774 1245 968 1294 tabulas
983 1241 1135 1292 semel
1153 1240 1274 1291 fixas
1297 1281 1312 1303 ,
1344 1237 1529 1306 quibus
1554 1234 1713 1287 essent
1741 1238 1897 1288 incisa
1933 1237 2095 1304 plebis

417 1319 816 1371 Atheniensium
835 1316 972 1378 scita,
989 1329 1042 1367 tu
1062 1330 1186 1365 vero
1202 1357 1214 1376 ,
1233 1316 1435 1381 inquit,
1460 1327 1543 1361 eas
1558 1312 1755 1363 inverte
1783 1309 1926 1378 quod
1951 1310 2098 1362 nulla

417 1394 674 1446 sanstione
692 1391 1019 1460 prohibetur.
1036 1388 1403 1456 Philopoemen
1422 1404 1450 1438 a
1464 1384 1738 1436 Plutarcho
1759 1384 2000 1453 scriptore
2024 1383 2098 1436 sa-

420 1463 740 1537 pientissimo
770 1463 1005 1518 laudibus
1035 1464 1320 1525 extollitur,
1368 1460 1507 1528 quod
1525 1475 1687 1527 quum
1719 1472 1866 1517 natus
1893 1457 2012 1510 effet
2035 1457 2099 1509 ad

421 1540 811 1611 imperandum,
830 1555 943 1590 non
962 1552 1163 1589 tantum
1185 1554 1244 1588 ex
1261 1535 1545 1604 praescripto
1561 1534 1730 1600 legum
1759 1534 1983 1584 actiones
1995 1532 2102 1585 suas

425 1616 814 1678 moderabatur,
835 1612 918 1665 sed
933 1613 1021 1664 ubi
1037 1613 1120 1665 vel
1133 1627 1326 1678 urgens
1340 1608 1600 1661 necessitas
1615 1607 1836 1674 cogebat
1851 1647 1868 1673 ,
1904 1607 1986 1659 vel
1999 1609 2103 1660 evi-

427 1689 550 1742 dens
570 1691 742 1758 aliqua
768 1687 1009 1739 suadebat
1037 1687 1257 1749 utilitaS‚
1277 1686 1388 1752 ipfis
1419 1684 1615 1752 legibus
1640 1682 1825 1733 leniter
1848 1683 2105 1748 imperare

428 1763 796 1825 condidicerat‚
816 1778 922 1829 quae
937 1777 1095 1827 quum
1115 1776 1226 1810 non
1245 1757 1448 1827 possunt
1463 1757 1605 1825 quod
1620 1757 1804 1809 volunt
1822 1797 1836 1819 ‚
1873 1755 2006 1808 velle
2023 1755 2106 1806 de-

433 1836 626 1889 bentid
660 1836 801 1903 quod
818 1833 1038 1901 possunt.
1054 1835 1337 1900 Nunquam
1359 1833 1642 1900 praestantes
1661 1833 1716 1881 in
1745 1846 1849 1897 rep.
1883 1828 2107 1880 admini-

432 1910 631 1963 stranda
646 1912 739 1964 viri
756 1904 1433 1977 probaveruntobstinatum
1449 1907 1608 1958 animi
1626 1907 1924 1971 rigoreni‚&
1940 1920 2111 1971 perpe.

433 1998 572 2036 tuam
587 1987 640 2037 in
658 2000 760 2036 una
774 1982 1014 2033 sententia
1032 1982 1470 2048 permansionem.
1487 1980 1694 2048 Semper
1711 1981 1779 2029 ita
1800 1977 2110 2029 censuerunt

433 2058 674 2110 homines
690 2058 779 2109 usu
798 2058 844 2105 &
861 2055 1062 2107 scientia
1078 2056 1302 2107 insti-usti
1320 2098 1334 2121 ‚
1352 2056 1416 2105 ad
1443 2070 1613 2108 novos
1642 2068 1944 2121 temporum
1974 2051 2111 2103 casus

435 2148 698 2185 novorum
716 2131 1054 2183 consiliorum
1070 2132 1297 2181 rationes
1316 2128 1412 2181 effe
1428 2126 1925 2181 accommodandas.
1958 2125 2038 2177 Ac
2053 2138 2113 2178 ut

432 2209 549 2258 artis
567 2206 636 2258 est
665 2205 1012 2257 obsecundare
1038 2205 1320 2272 tempestati
1344 2221 1504 2273 quum
1535 2202 1917 2255 adversantibus
1944 2201 2113 2255 ventis

433 2281 744 2349 gubernator
760 2281 949 2331 rectum
969 2279 1166 2331 cursum
1195 2291 1372 2330 tenere
1389 2279 1660 2346 nequitzfic
1675 2275 1919 2347 providos
1937 2279 1985 2326 ὃ(
2001 2291 2113 2326 cor-

435 2354 582 2405 datos
596 2354 908 2422 rerumpubl.
921 2352 1482 2419 moderatorc5,quibus
1498 2353 1643 2404 beata
1660 2354 1848 2403 civium
1866 2352 1971 2401 vita
1989 2363 2108 2417 pro-

433 2429 599 2497 posita
614 2429 699 2485 est,
722 2429 1038 2497 temporibus
1055 2425 1273 2479 assentiri
1289 2439 1512 2494 oportet,
1531 2442 1624 2477 nec
1641 2420 1892 2493 praefraE’ce
1908 2425 2002 2473 niti
2025 2421 2115 2473 ad·

433 2501 704 2557 versuseos
718 2506 801 2571 qui
820 2507 874 2554 in
892 2502 1075 2555 eadem
1092 2503 1212 2554 navi
1230 2501 1583 2570 periclitantur
1602 2542 1616 2564 ,
1633 2514 1854 2566 quorum
1873 2513 2016 2564 aeque
2033 2499 2116 2548 in·
2187 2510 2190 2516 ¹

433 2576 585 2632 terest
598 2578 869 2651 providere
882 2594 951 2632 ne
968 2577 1092 2651 quid
1106 2575 1231 2649 resp.
1249 2577 1409 2648 capiat
1424 2571 2030 2630 detrimenti.Parendum
2047 2569 2117 2623 est

1882 2645 2117 2717 supremo
