2284 3132
441 168 499 233 38
864 164 965 213 DE
1033 164 1403 217 INDVCIIS
1471 150 1703 215 BELLr'

443 259 553 322 jure
571 251 907 311 delibati‚aut
925 251 1197 320 praefiorari
1226 253 1605 319 debereaRege
1620 265 1704 304 aut
1736 249 2118 304 Archiducibus

445 335 498 383 in
518 331 879 396 negotiatione
910 328 1047 393 pacis
1064 342 1149 378 aut
1173 327 1510 390 induciarum,
1530 329 1636 378 fine
1662 341 1788 379 nota
1806 327 1923 378 fidei
1942 344 2122 394 parum

446 402 684 471 religiose
712 400 999 452 observatae.
1019 401 1078 450 Et
1095 419 1391 469 quanquam
1410 400 1724 452 eiuscemodi
1739 401 1996 469 scrupulus
2008 419 2122 454 me.

444 482 543 530 rito
563 481 774 540 iniicere
803 478 973 542 potuit
1004 478 1293 543 ancipitem
1327 493 1500 526 euram
1531 476 1747 543 amplius
1778 475 2118 542 deliberandi,

441 567 611 605 utrum
627 553 830 619 longius
850 549 1290 618 progrediendum
1303 549 1418 600 esset
1437 566 1528 600 nec
1544 566 1626 599 ne:
1649 564 1824 600 tamen
1841 567 1904 601 ne
1922 552 2048 618 quid
2064 556 2121 603 in

442 645 589 679 mora
605 629 663 679 fit
683 642 788 696 quo
806 627 983 674 minus
1000 639 1102 676 tam
1122 627 1270 692 pium
1287 627 1334 674 ὃς
1352 623 1561 675 salutare
1576 639 1703 689 opus
1719 624 2025 690 instituatur,
2042 627 2126 678 su-

444 701 678 771 sceptum
693 719 750 752 ea
768 700 846 768 spe
861 700 1000 750 utha:
1019 701 1289 767 provinciae
1322 696 1547 764 quaffatae
1575 697 1826 748 diuturnis
1853 699 2118 755 bellorum

446 779 681 844 procellis
710 779 763 826 in
781 774 983 842 placida
1010 774 1231 824 statione
1260 772 1372 822 fidae
1409 815 1421 837 ,
1455 772 1644 823 stabilis
1675 774 1726 821 ὅ(
1743 773 1969 824 honestae
1983 778 2119 841 pacis

451 849 811 918 conquiescere
826 846 1029 915 possint,
1048 845 1336 897 Ordinibus
1361 863 1487 896 curae
1498 849 1592 896 erit
1621 860 1674 896 ut
1694 845 1757 896 ad
1770 847 1919 898 urbes
1938 850 1985 897 ὃς
2000 865 2122 916 pro-

450 927 644 976 vincias
684 923 774 974 suae
800 922 917 973 fidei
942 920 1235 973 commissas
1273 924 1546 971 mittantur
1588 922 1818 987 exempla
1855 922 2119 979 literarum

450 1000 644 1066 Regis,
681 1010 929 1066 quatenus
956 996 1266 1047 authoritate
1294 995 1374 1047 sua
1399 996 1707 1063 comprobat
1723 995 2115 1061 promissionem

452 1074 519 1124 ab
537 1073 907 1124 Archiducibus
932 1070 1134 1134 faciam,
1151 1072 1459 1139 &quatenus
1478 1068 1699 1120 declarat
1715 1070 1809 1121 sibi
1840 1071 2039 1136 placere
2063 1085 2125 1126 ut

452 1147 542 1199 suo
565 1150 780 1199 nomine
807 1149 1034 1199 traCtetur
1061 1145 1125 1196 de
1156 1162 1280 1213 pace
1312 1158 1396 1195 aut
1412 1144 1633 1208 induciis
1666 1159 1781 1195 cum
1814 1134 2120 1212 OEdinibuS,

453 1238 586 1289 quos
616 1222 816 1273 testatur
830 1221 876 1272 se
897 1220 1090 1273 habere
1114 1237 1208 1289 pro
1223 1219 1598 1272 civibusliberis
1632 1260 1645 1283 ,
1680 1219 1735 1269 in
1755 1235 1888 1285 quos
1916 1222 2124 1272 nullum

450 1297 531 1361 jus
547 1295 806 1349 vindicare
844 1295 1097 1365 praesumit
1120 1337 1135 1359 ,
1174 1311 1296 1346 cum
1337 1293 1568 1346 clausulis
1595 1296 2043 1345 renuntiationum
2075 1299 2127 1347 &

450 1372 840 1438 obligationum
867 1370 1067 1422 ibidem
1094 1372 1288 1421 insertis
1307 1412 1321 1434 ‚
1360 1383 1414 1419 ut
1441 1371 1576 1420 intra
1601 1366 1998 1435 sesquimensem
2033 1369 2129 1423 fie-

463 1448 505 1496 ri
519 1444 706 1513 poffint
737 1448 978 1498 certiores
1006 1445 1189 1512 Legati
1225 1443 1582 1495 Archiducum
1603 1484 1616 1506 ,
1652 1456 1826 1492 utrum
1854 1443 1986 1493 nihil
2029 1446 2128 1496 ob-

455 1519 620 1573 stante
647 1519 749 1571 hoc
791 1520 1173 1588 impedimento
1213 1517 1607 1587 procedendum
1646 1518 1704 1569 sit
1741 1516 1804 1567 ad
1843 1519 2128 1573 ineundam

455 1598 595 1662 pacis
619 1610 706 1647 aut
731 1595 1057 1647 induciarum
1087 1596 1527 1656 conventionem,
1559 1607 1659 1643 nec
1685 1607 1780 1641 ne:
1824 1591 1916 1643 sub
1936 1593 2133 1661 expres.

456 1667 504 1719 sa
520 1671 890 1736 protestatione
908 1670 952 1722 se
967 1670 1118 1721 nullo
1135 1668 1299 1720 modo
1313 1666 1446 1735 posse
1462 1680 1633 1717 ratum
1649 1665 1839 1718 habere
1859 1708 1872 1729 ,
1913 1683 2014 1718 nec
2034 1684 2134 1720 un-

457 1759 614 1810 quam
651 1745 919 1796 habituros
952 1785 968 1806 ,
1001 1742 1255 1812 quidquid
1282 1745 1337 1792 in
1368 1742 1467 1792 illis
1495 1741 1654 1791 literis
1710 1739 1899 1792 directe
1940 1742 2025 1794 vel
2054 1745 2135 1793 in-

456 1818 642 1869 directe
674 1819 912 1885 scriptum
942 1820 1024 1870 vel
1069 1818 1386 1869 intelleetum
1418 1816 1580 1867 videri
1608 1814 1769 1882 potest
1803 1829 1984 1867 contra
2011 1834 2133 1886 prae-

459 1891 645 1943 dictam
672 1893 1101 1944 ratihabitionem
1132 1930 1145 1949 ,
1184 1893 1261 1945 vel
1306 1891 1712 1941 declarationem
1754 1890 1916 1956 Regis
1951 1933 1965 1955 ‚
2010 1907 2135 1943 con..

458 1979 638 2035 traque
677 1964 1517 2035 pollicitationemArchiducum.
1585 1962 1745 2034 de
1775 1965 1810 2018 fi
1838 1963 2133 2020 consultum

460 2039 557 2092 effe
589 2042 901 2104 judicabitur
925 2042 1138 2092 ulterius
1179 2038 1413 2108 progredi
1445 2039 1589 2106 super
1622 2037 1853 2089 instituto
1883 2042 2018 2106 pacis
2047 2053 2136 2092 aut

458 2114 778 2168 induciarum
812 2116 1044 2182 tractatu,
1060 2116 1213 2183 plane
1232 2112 1506 2164 confidunt
1524 2112 1744 2164 Ordines
1773 2111 2007 2164 futurum
2043 2128 2135 2181 ‚ut

457 2188 593 2239 nihil
623 2204 840 2258 exparte
869 2191 944 2243 vel
964 2191 1124 2255 Regis
1152 2189 1232 2241 vel
1261 2186 1618 2239 Archiducum
1643 2201 1963 2255 proponatur
1996 2229 2012 2253 ‚
2047 2203 2135 2242 aut
2180 2214 2187 2219 ,

457 2263 794 2329 praetendatur
830 2277 1008 2314 contra
1036 2260 1264 2331 prom‘ifft
1300 2261 1463 2313 fidem
1500 2303 1514 2326 ‚
1562 2261 1703 2330 quod
1731 2262 1841 2313 ullo
1871 2262 2037 2314 modo
2071 2263 2136 2315 ad

457 2338 840 2389 immutandum
890 2339 1181 2404 praesentem
1227 2337 1411 2388 statum
1456 2379 1470 2401 ‚
1509 2337 1556 2386 δε
1598 2337 1826 2388 formam
1868 2339 2140 2403 regiminis

460 2408 720 2463 unitarum
752 2413 1139 2464 Provinciarum
1171 2413 1422 2478 pertinere
1447 2409 1617 2477 posfit.
1696 2411 2014 2476 Atqueintra
2030 2412 2139 2463 dies

464 2484 647 2536 decem
678 2487 944 2552 postquam
985 2486 1225 2537 certiores
1270 2485 1459 2536 redditi
1499 2485 1692 2537 fuerint
1722 2486 1905 2551 Legati
1950 2483 2143 2537 Archi-

464 2557 651 2610 ducum
682 2559 746 2612 de
775 2561 968 2624 consilii
1005 2559 1259 2625 sententia
1313 2602 1326 2623 ,
1362 2559 1560 2628 sperant
1592 2556 1815 2609 Ordines
1843 2557 2048 2609 missum
2075 2562 2140 2612 iri

461 2632 699 2699 Hagham
727 2635 860 2691 viros
889 2634 1096 2686 abunde
1125 2631 1379 2685 mandatis
1405 2636 1453 2685 δε
1480 2632 1789 2686 authoritate
1840 2631 2137 2700 ὶῐιίὶωᾶοε,

1997 2721 2052 2760 Ut
2080 2725 2141 2761 CX
