2284 3132
641 135 955 188 BELo1c1
1020 137 1252 186 LIBER
1337 143 1378 189 1.
1790 161 1855 208 47

181 237 337 292 atque
367 222 676 274 authoritate
703 266 716 289 ,
753 226 913 291 copijs
941 238 1095 290 atque
1126 222 1311 290 opibus
1350 228 1417 273 ita
1447 223 1712 277 abundant
1740 268 1752 288 ‚
1794 240 1851 275 ut

180 299 429 349 omnibus
453 300 592 347 terris
617 312 768 363 atquc
803 300 1037 364 gentibus
1078 297 1361 348 admirabili
1405 301 1497 349 {int
1529 300 1852 350 documento

181 371 404 423 coelestis
435 386 557 421 curae
583 388 640 421 ac
671 372 1021 437 providentiae.
1110 372 1207 422 Sed
1240 389 1306 421 nc
1351 375 1608 424 veteribus
1643 392 1847 425 memo·

178 449 251 497 ria
282 445 565 512 repetendis
611 447 875 496 immorari
912 446 1109 497 necesse
1146 448 1204 497 iit
1232 489 1245 511 ,
1282 447 1424 512 quod
1458 464 1579 498 nam
1614 450 1849 501 illustrius

177 519 442 586 specimen
472 516 657 570 adferri
687 520 853 587 potest
890 519 992 571 hoc
1020 523 1230 585 recenti,
1267 521 1408 586 quod
1425 521 1726 572 Sei-cnissimi
1747 523 1845 574 Ar-

179 591 415 643 chiduces
442 593 583 644 ultro
611 608 694 659 per
722 607 886 645 certo-s
914 594 1157 644 homines
1188 637 1202 658 ‚
1253 612 1412 660 ecqua
1446 600 1578 647 ratio
1607 598 1846 649 ineunda:

176 669 310 734 pacis
340 683 398 717 ac
431 665 719 717 concordiae
749 670 952 734 reperiri
981 668 1168 736 posset,
1205 671 1463 735 explorare
1500 687 1611 721 non
1643 672 1843 724 dubita-

176 755 296 792 runt
328 743 345 787 ἓ
378 740 536 811 Qd
568 740 781 807 quidem
811 743 936 793 abfit
957 757 1010 792 ut
1047 760 1105 794 ex
1130 743 1491 794 imbecillitate
1519 748 1702 797 virium
1723 788 1734 809 ,
1757 762 1843 799 aut

176 816 369 866 timore
398 815 590 865 facium
624 814 720 865 effe
748 814 973 866 credatur
1001 818 1065 866 ab
1092 819 1150 879 ijs
1179 819 1266 882 qui
1295 818 1489 868 nullam
1518 835 1841 886 unquamte-

174 891 289 938 nuis
319 888 674 955 atqueinfirmi
704 890 864 938 animi
891 890 1323 955 iignificationcm
1341 891 1606 942 dederunt.
1645 894 1743 944 Sed
1770 909 1843 947 ta-

173 977 302 1012 men
329 965 523 1014 nemini
550 961 765 1013 dubium
795 964 892 1026 cst,
927 966 1048 1031 quin
1077 963 1290 1015 solidam
1320 966 1368 1012 ὃ(
1397 966 1498 1015 {ine
1539 964 1855 1034 exceptione*

174 1037 469 1101 victoriam,
511 1053 665 1103 quam
698 1054 875 1104 pacem
904 1040 1119 1099 malint,
1160 1040 1208 1087 ὃ(
1232 1037 1376 1104 quod
1416 1042 1560 1105 primi
1590 1045 1838 1093 tentarint

173 1110 362 1162 vadum
392 1110 704 1178 auspicandae
734 1114 1154 1179 coinpoiitioniS,
1191 1114 1509 1163 nonnullam
1549 1112 1836 1180 suspicandi

174 1187 498 1237 occasionem
518 1185 701 1251 praebet
736 1202 823 1236 eos
852 1188 1050 1253 opinari
1079 1194 1241 1236 unitas
1267 1187 1562 1241 Provincias
1591 1191 1640 1240 vi
1668 1205 1839 1239 armo.

172 1274 289 1310 rum
307 1303 319 1323 ,
353 1262 401 1309 ὅ(
419 1260 605 1310 bellica
633 1260 816 1310 virtute
841 1259 1054 1326 superari
1080 1276 1192 1310 non
1221 1260 1377 1327 poss'e.
1452 1265 1632 1329 Qun
1660 1277 1832 1315 autem

171 1336 477 1401 neutiquam
509 1334 751 1400 ingenuis
779 1334 969 1388 civibus
1002 1339 1273 1385 convenire
1305 1334 1554 1387 videretur
1588 1353 1718 1387 vana
1753 1337 1837 1405 spe

169 1406 350 1459 laetare
375 1409 575 1458 animos
601 1420 706 1458 tam
737 1408 1047 1459 excelsorum
1080 1408 1374 1477 Principum
1394 1451 1406 1473 ,
1447 1411 1685 1461 Batavica
1717 1412 1836 1462 sim-

168 1481 401 1549 plicitate
432 1480 802 1534 denunciatum
839 1483 910 1533 est
946 1484 1006 1545 ijs
1034 1485 1124 1549 qui
1153 1482 1216 1532 ad
1255 1483 1583 1550 explorandas
1627 1499 1837 1537 mentes

169 1570 419 1608 venerant
452 1599 466 1621 ‚
501 1572 611 1608 non
641 1560 769 1624 prins
802 1600 815 1621 ,
842 1573 940 1608 nec
965 1558 1058 1607 alia
1082 1557 1194 1623 lege
1218 1558 1378 1608 ullam
1401 1561 1732 1609 mentionem
1749 1576 1832 1625 pa-

173 1630 243 1679 cis
271 1629 368 1681 esse
397 1630 789 1698 proponendam
821 1678 836 1697 ‚
870 1648 1025 1698 quam
1057 1632 1089 1682 fi
1119 1633 1222 1681 hoc
1254 1629 1520 1683 decretum
1547 1646 1684 1684 extra
1711 1648 1833 1683 om-

168 1718 292 1753 nem
320 1704 659 1757 dubitationis
686 1706 848 1756 aleam
863 1707 1082 1772 positum
1110 1706 1199 1765 iit,
1233 1708 1403 1756 unitas
1425 1706 1604 1757 scilicet
1618 1706 1832 1758 Provin-

171 1779 269 1827 cias
295 1778 390 1830 effe
419 1779 663 1849 populum
693 1780 912 1830 liberum
939 1820 955 1846 ‚
992 1782 1072 1829 cui
1103 1793 1408 1846 competant
1449 1781 1555 1831 iura
1593 1780 1831 1846 supremae

169 1852 425 1918 potestatis
442 1893 454 1905 .
532 1852 690 1923 Q9d
720 1855 810 1905 ubi
836 1857 1064 1921 pervenit
1084 1853 1144 1904 ad
1160 1870 1303 1904 aures
1329 1853 1696 1918 Archiducum,
1716 1855 1828 1906 mis-

170 1926 204 1978 si
233 1924 348 1977 sunt
371 1927 433 1978 ad
465 1927 717 1993 OrdineS‚
757 1931 844 1994 qui
873 1927 1003 1978 clam
1036 1945 1085 1978 re
1110 1945 1229 1978 cum
1259 1931 1428 1996 paucis
1469 1932 1823 1980 communica-

171 2012 222 2051 ta
248 2037 262 2056 ‚
292 2017 516 2068 quorum
542 2006 697 2068 gratia
729 2004 777 2051 ὅ(
801 2001 1083 2055 authoritas
1124 2003 1400 2068 plurimum
1425 2015 1644 2069 poterat,
1673 2003 1822 2068 figni-

170 2073 385 2126 ficarent
411 2075 727 2127 Archiduces
755 2075 950 2143 paratos
980 2074 1075 2125 effe
1105 2076 1193 2125 tali
1221 2076 1523 2126 conditione
1553 2092 1665 2126 cum
1709 2078 1823 2143 ipsis

170 2147 364 2216 pacisci.
409 2149 616 2201 Deinde
637 2152 834 2217 ipsimet
862 2168 950 2218 per
974 2150 1266 2215 obsignatas
1293 2152 1461 2200 literas
1487 2150 1709 2200 eandem
1726 2167 1820 2202 vo-

168 2222 426 2274 luntatem
467 2223 722 2276 testificati
752 2225 864 2275 sunt
893 2267 906 2287 ,
946 2226 996 2274 ὃς
1025 2222 1415 2290 spoponderunt
1443 2223 1556 2275 fore
1592 2240 1649 2275 ut
1689 2228 1821 2275 intra

147 2308 273 2346 tres
312 2297 513 2348 menses
557 2316 584 2348 a
612 2300 754 2365 Rege
780 2298 1136 2364 Hispaniarum
1190 2302 1479 2365 acciperent
1515 2299 1620 2347 aeia
1652 2298 1825 2350 [imilis

171 2370 551 2422 ratihabitionis
574 2376 622 2422 &
651 2372 1021 2422 declarationis,
1057 2378 1180 2441 Qae
1210 2371 1439 2436 deinceps
1465 2370 1671 2437 sequuta
1692 2375 1822 2431 (unt,

173 2460 233 2496 ea
260 2459 419 2513 quum
451 2447 543 2499 [int
574 2447 711 2513 gesta
737 2449 792 2496 in
821 2448 953 2496 clara
977 2446 1087 2496 luce
1114 2487 1127 2508 ‚
1156 2444 1439 2510 frequentia
1482 2448 1529 2494 ὃ(
1560 2446 1821 2496 celebrita-

171 2532 226 2570 te
266 2560 282 2582 ,
320 2519 480 2570 Caesar
504 2537 741 2587 ignorare
771 2536 881 2570 non
909 2522 1073 2586 potuit
1098 2558 1109 2574 ,
1147 2518 1363 2585 ideoque
1392 2535 1502 2568 non
1533 2519 1601 2570 est
1630 2513 1822 2569 neccffe

170 2606 229 2644 ut
252 2593 475 2662 longiori
515 2594 759 2648 sermone
796 2607 1026 2662 tempora
1065 2593 1337 2660 Majestatis
1369 2596 1473 2645 eius
1526 2606 1828 2716 onerem-1313
