<?xml version="1.0" encoding="UTF-8"?>
<!DOCTYPE html PUBLIC "-//W3C//DTD XHTML 1.0 Transitional//EN"
    "http://www.w3.org/TR/xhtml1/DTD/xhtml1-transitional.dtd">
<html xmlns="http://www.w3.org/1999/xhtml" xml:lang="en" lang="en">
 <head>
  <title>
</title>
<meta http-equiv="Content-Type" content="text/html;charset=utf-8" />
  <meta name='ocr-system' content='tesseract 3.04.00' />
  <meta name='ocr-capabilities' content='ocr_page ocr_carea ocr_par ocr_line ocrx_word'/>
</head>
<body>
  <div class='ocr_page' id='page_1' title='image "./libritresdeindvc00baud/libritresdeindvc00baud_0165.png"; bbox 0 0 2284 3132; ppageno 0'>
   <div class='ocr_carea' id='block_1_1' title="bbox 607 171 1828 234">
    <p class='ocr_par' dir='ltr' id='par_1_1' title="bbox 607 171 1828 234">
     <span class='ocr_line' id='line_1_1' title="bbox 607 171 1828 234; baseline -0.001 -12"><span class='ocrx_word' id='word_1_1' title='bbox 607 172 928 222; x_wconf 80' lang='lat' dir='ltr'>BELGICI</span> <span class='ocrx_word' id='word_1_2' title='bbox 995 171 1223 220; x_wconf 81' lang='lat' dir='ltr'>LIBER</span> <span class='ocrx_word' id='word_1_3' title='bbox 1294 174 1373 221; x_wconf 83' lang='grc' dir='ltr'>ΙΙ.</span> <span class='ocrx_word' id='word_1_4' title='bbox 1736 185 1828 234; x_wconf 79' lang='lat'>135</span> 
     </span>
    </p>
   </div>
   <div class='ocr_carea' id='block_1_2' title="bbox 139 256 1841 2791">
    <p class='ocr_par' dir='ltr' id='par_1_2' title="bbox 139 256 1841 2791">
     <span class='ocr_line' id='line_1_2' title="bbox 141 256 1816 332; baseline -0.003 -18"><span class='ocrx_word' id='word_1_5' title='bbox 141 258 370 332; x_wconf 82' lang='lat' dir='ltr'>quaedam</span> <span class='ocrx_word' id='word_1_6' title='bbox 399 262 657 314; x_wconf 81' lang='lat' dir='ltr'>calamitas</span> <span class='ocrx_word' id='word_1_7' title='bbox 685 262 942 314; x_wconf 82' lang='lat' dir='ltr'>mentibus</span> <span class='ocrx_word' id='word_1_8' title='bbox 982 260 1263 310; x_wconf 84' lang='lat' dir='ltr'>hominum</span> <span class='ocrx_word' id='word_1_9' title='bbox 1293 256 1578 310; x_wconf 73' lang='lat' dir='ltr'>incubuiss&#39;e</span> <span class='ocrx_word' id='word_1_10' title='bbox 1619 258 1816 312; x_wconf 80' lang='lat' dir='ltr'>videre-</span> 
     </span>
     <span class='ocr_line' id='line_1_3' title="bbox 143 333 1816 403; baseline -0.003 -14"><span class='ocrx_word' id='word_1_11' title='bbox 143 354 236 389; x_wconf 89' lang='lat' dir='ltr'>tur.</span> <span class='ocrx_word' id='word_1_12' title='bbox 287 337 643 387; x_wconf 80' lang='lat' dir='ltr'>Constantiani</span> <span class='ocrx_word' id='word_1_13' title='bbox 661 353 769 387; x_wconf 88' lang='lat' dir='ltr'>non</span> <span class='ocrx_word' id='word_1_14' title='bbox 791 339 844 386; x_wconf 88' lang='lat' dir='ltr'>in</span> <span class='ocrx_word' id='word_1_15' title='bbox 862 338 1139 403; x_wconf 78' lang='lat' dir='ltr'>pervicacia</span> <span class='ocrx_word' id='word_1_16' title='bbox 1158 336 1297 385; x_wconf 77' lang='lat' dir='ltr'>sitam</span> <span class='ocrx_word' id='word_1_17' title='bbox 1315 333 1404 384; x_wconf 76' lang='lat' dir='ltr'>esse</span> <span class='ocrx_word' id='word_1_18' title='bbox 1419 350 1661 401; x_wconf 75' lang='lat' dir='ltr'>oportere</span> <span class='ocrx_word' id='word_1_19' title='bbox 1677 377 1689 397; x_wconf 86' lang='lat'>‚</span> <span class='ocrx_word' id='word_1_20' title='bbox 1730 335 1816 385; x_wconf 81' lang='lat' dir='ltr'>sed</span> 
     </span>
     <span class='ocr_line' id='line_1_4' title="bbox 141 408 1812 475; baseline -0.003 -10"><span class='ocrx_word' id='word_1_21' title='bbox 141 414 198 465; x_wconf 87' lang='lat' dir='ltr'>in</span> <span class='ocrx_word' id='word_1_22' title='bbox 225 410 599 462; x_wconf 80' lang='lat' dir='ltr'>moderatione.</span> <span class='ocrx_word' id='word_1_23' title='bbox 634 413 950 462; x_wconf 78' lang='lat' dir='ltr'>Libertatem</span> <span class='ocrx_word' id='word_1_24' title='bbox 981 413 1029 458; x_wconf 61' lang='grc' dir='ltr'>ὃς</span> <span class='ocrx_word' id='word_1_25' title='bbox 1062 410 1266 475; x_wconf 74' lang='lat' dir='ltr'>lingulis</span> <span class='ocrx_word' id='word_1_26' title='bbox 1295 408 1626 472; x_wconf 71' lang='lat' dir='ltr'>homiuibus,</span> <span class='ocrx_word' id='word_1_27' title='bbox 1670 413 1714 459; x_wconf 69' lang='grc' dir='ltr'>δε</span> <span class='ocrx_word' id='word_1_28' title='bbox 1748 428 1812 460; x_wconf 73' lang='lat' dir='ltr'>cr-</span> 
     </span>
     <span class='ocr_line' id='line_1_5' title="bbox 141 483 1817 554; baseline -0.001 -18"><span class='ocrx_word' id='word_1_29' title='bbox 141 487 386 541; x_wconf 85' lang='lat' dir='ltr'>vitatibns</span> <span class='ocrx_word' id='word_1_30' title='bbox 415 502 563 554; x_wconf 85' lang='lat' dir='ltr'>atque</span> <span class='ocrx_word' id='word_1_31' title='bbox 590 488 817 552; x_wconf 64' lang='lat' dir='ltr'>imperiis</span> <span class='ocrx_word' id='word_1_32' title='bbox 849 486 944 536; x_wconf 85' lang='lat' dir='ltr'>hac</span> <span class='ocrx_word' id='word_1_33' title='bbox 974 484 1185 534; x_wconf 81' lang='lat' dir='ltr'>demum</span> <span class='ocrx_word' id='word_1_34' title='bbox 1215 484 1324 548; x_wconf 74' lang='lat' dir='ltr'>lege</span> <span class='ocrx_word' id='word_1_35' title='bbox 1349 483 1669 550; x_wconf 23' lang='lat' dir='ltr'>*fructuosam</span> <span class='ocrx_word' id='word_1_36' title='bbox 1703 487 1817 552; x_wconf 75' lang='lat' dir='ltr'>glo-</span> 
     </span>
     <span class='ocr_line' id='line_1_6' title="bbox 139 558 1818 628; baseline -0.004 -17"><span class='ocrx_word' id='word_1_37' title='bbox 139 559 429 628; x_wconf 83' lang='lat' dir='ltr'>riosamque</span> <span class='ocrx_word' id='word_1_38' title='bbox 444 559 635 610; x_wconf 88' lang='lat' dir='ltr'>censeri</span> <span class='ocrx_word' id='word_1_39' title='bbox 650 562 705 623; x_wconf 83' lang='lat' dir='ltr'>,si</span> <span class='ocrx_word' id='word_1_40' title='bbox 723 560 910 610; x_wconf 86' lang='lat' dir='ltr'>modus</span> <span class='ocrx_word' id='word_1_41' title='bbox 938 558 1173 618; x_wconf 83' lang='lat' dir='ltr'>servetur,</span> <span class='ocrx_word' id='word_1_42' title='bbox 1189 559 1220 609; x_wconf 84' lang='lat' dir='ltr'>fi</span> <span class='ocrx_word' id='word_1_43' title='bbox 1241 572 1712 624; x_wconf 71' lang='lat' dir='ltr'>temperamentum</span> <span class='ocrx_word' id='word_1_44' title='bbox 1730 561 1818 611; x_wconf 79' lang='lat' dir='ltr'>ad-</span> 
     </span>
     <span class='ocr_line' id='line_1_7' title="bbox 141 630 1814 700; baseline -0.001 -13"><span class='ocrx_word' id='word_1_45' title='bbox 141 634 411 699; x_wconf 84' lang='lat' dir='ltr'>hibeatur‚</span> <span class='ocrx_word' id='word_1_46' title='bbox 449 636 483 686; x_wconf 85' lang='lat' dir='ltr'>ss</span> <span class='ocrx_word' id='word_1_47' title='bbox 512 650 622 683; x_wconf 91' lang='lat' dir='ltr'>non</span> <span class='ocrx_word' id='word_1_48' title='bbox 651 634 930 700; x_wconf 80' lang='lat' dir='ltr'>degeneret</span> <span class='ocrx_word' id='word_1_49' title='bbox 955 634 1009 681; x_wconf 90' lang='lat' dir='ltr'>in</span> <span class='ocrx_word' id='word_1_50' title='bbox 1039 630 1244 683; x_wconf 84' lang='lat' dir='ltr'>effusam</span> <span class='ocrx_word' id='word_1_51' title='bbox 1281 648 1431 700; x_wconf 81' lang='lat' dir='ltr'>atque</span> <span class='ocrx_word' id='word_1_52' title='bbox 1456 630 1736 694; x_wconf 63' lang='lat' dir='ltr'>efflantem,</span> <span class='ocrx_word' id='word_1_53' title='bbox 1766 638 1814 686; x_wconf 62' lang='grc' dir='ltr'>ἃ</span> 
     </span>
     <span class='ocr_line' id='line_1_8' title="bbox 140 705 1816 776; baseline -0.001 -14"><span class='ocrx_word' id='word_1_54' title='bbox 140 709 216 763; x_wconf 87' lang='lat' dir='ltr'>sui</span> <span class='ocrx_word' id='word_1_55' title='bbox 240 711 591 776; x_wconf 86' lang='lat' dir='ltr'>impotentem</span> <span class='ocrx_word' id='word_1_56' title='bbox 619 709 880 758; x_wconf 82' lang='lat' dir='ltr'>licentiam</span> <span class='ocrx_word' id='word_1_57' title='bbox 911 750 924 771; x_wconf 91' lang='lat'>‚</span> <span class='ocrx_word' id='word_1_58' title='bbox 965 723 1061 775; x_wconf 84' lang='lat' dir='ltr'>qua</span> <span class='ocrx_word' id='word_1_59' title='bbox 1080 724 1192 758; x_wconf 87' lang='lat' dir='ltr'>non</span> <span class='ocrx_word' id='word_1_60' title='bbox 1221 705 1289 755; x_wconf 85' lang='lat' dir='ltr'>est</span> <span class='ocrx_word' id='word_1_61' title='bbox 1324 708 1488 757; x_wconf 84' lang='lat' dir='ltr'>ullum</span> <span class='ocrx_word' id='word_1_62' title='bbox 1519 711 1816 774; x_wconf 65' lang='lat' dir='ltr'>perniciosi«</span> 
     </span>
     <span class='ocr_line' id='line_1_9' title="bbox 144 780 1812 852; baseline -0.002 -15"><span class='ocrx_word' id='word_1_63' title='bbox 144 801 204 837; x_wconf 88' lang='lat' dir='ltr'>us</span> <span class='ocrx_word' id='word_1_64' title='bbox 251 783 538 852; x_wconf 79' lang='lat' dir='ltr'>depositum</span> <span class='ocrx_word' id='word_1_65' title='bbox 577 782 717 850; x_wconf 53' lang='lat' dir='ltr'>spud</span> <span class='ocrx_word' id='word_1_66' title='bbox 757 784 954 834; x_wconf 89' lang='lat' dir='ltr'>nescios</span> <span class='ocrx_word' id='word_1_67' title='bbox 1002 780 1339 848; x_wconf 75' lang='lat' dir='ltr'>gubernandi.</span> <span class='ocrx_word' id='word_1_68' title='bbox 1413 781 1812 835; x_wconf 80' lang='lat' dir='ltr'>Confiderarent</span> 
     </span>
     <span class='ocr_line' id='line_1_10' title="bbox 141 854 1811 926; baseline -0.001 -15"><span class='ocrx_word' id='word_1_69' title='bbox 141 860 297 911; x_wconf 87' lang='lat' dir='ltr'>etiam</span> <span class='ocrx_word' id='word_1_70' title='bbox 327 873 473 926; x_wconf 83' lang='lat' dir='ltr'>atque</span> <span class='ocrx_word' id='word_1_71' title='bbox 498 859 654 908; x_wconf 87' lang='lat' dir='ltr'>etiam</span> <span class='ocrx_word' id='word_1_72' title='bbox 679 859 846 909; x_wconf 85' lang='lat' dir='ltr'>varios</span> <span class='ocrx_word' id='word_1_73' title='bbox 877 859 924 905; x_wconf 74' lang='grc' dir='ltr'>ὅ(</span> <span class='ocrx_word' id='word_1_74' title='bbox 969 859 1212 922; x_wconf 79' lang='lat' dir='ltr'>ancipites</span> <span class='ocrx_word' id='word_1_75' title='bbox 1254 872 1420 906; x_wconf 83' lang='lat' dir='ltr'>rerum</span> <span class='ocrx_word' id='word_1_76' title='bbox 1462 854 1811 909; x_wconf 81' lang='lat' dir='ltr'>humanarum</span> 
     </span>
     <span class='ocr_line' id='line_1_11' title="bbox 141 930 1813 999; baseline 0 -15"><span class='ocrx_word' id='word_1_77' title='bbox 141 932 455 999; x_wconf 84' lang='lat' dir='ltr'>casus,quam</span> <span class='ocrx_word' id='word_1_78' title='bbox 474 934 654 983; x_wconf 83' lang='lat' dir='ltr'>omnia</span> <span class='ocrx_word' id='word_1_79' title='bbox 669 933 905 982; x_wconf 75' lang='lat' dir='ltr'>mortalia</span> <span class='ocrx_word' id='word_1_80' title='bbox 925 930 1188 998; x_wconf 83' lang='lat' dir='ltr'>pendeant</span> <span class='ocrx_word' id='word_1_81' title='bbox 1206 933 1349 981; x_wconf 85' lang='lat' dir='ltr'>tenui</span> <span class='ocrx_word' id='word_1_82' title='bbox 1367 930 1476 994; x_wconf 85' lang='lat' dir='ltr'>filo,</span> <span class='ocrx_word' id='word_1_83' title='bbox 1492 949 1612 998; x_wconf 85' lang='lat' dir='ltr'>quas</span> <span class='ocrx_word' id='word_1_84' title='bbox 1630 934 1813 984; x_wconf 85' lang='lat' dir='ltr'>condi-</span> 
     </span>
     <span class='ocr_line' id='line_1_12' title="bbox 142 1005 1814 1073; baseline -0.004 -13"><span class='ocrx_word' id='word_1_85' title='bbox 142 1010 315 1060; x_wconf 82' lang='lat' dir='ltr'>tiones</span> <span class='ocrx_word' id='word_1_86' title='bbox 331 1007 766 1073; x_wconf 85' lang='lat' dir='ltr'>adspernarentur,</span> <span class='ocrx_word' id='word_1_87' title='bbox 782 1007 920 1056; x_wconf 84' lang='lat' dir='ltr'>nulla</span> <span class='ocrx_word' id='word_1_88' title='bbox 934 1022 983 1055; x_wconf 88' lang='lat' dir='ltr'>re</span> <span class='ocrx_word' id='word_1_89' title='bbox 999 1006 1092 1056; x_wconf 83' lang='lat' dir='ltr'>nisi</span> <span class='ocrx_word' id='word_1_90' title='bbox 1119 1006 1300 1058; x_wconf 86' lang='lat' dir='ltr'>virium</span> <span class='ocrx_word' id='word_1_91' title='bbox 1331 1005 1666 1057; x_wconf 81' lang='lat' dir='ltr'>fiduciaelati.</span> <span class='ocrx_word' id='word_1_92' title='bbox 1687 1008 1814 1058; x_wconf 73' lang='lat' dir='ltr'>Prae-</span> 
     </span>
     <span class='ocr_line' id='line_1_13' title="bbox 139 1079 1812 1148; baseline -0.001 -13"><span class='ocrx_word' id='word_1_93' title='bbox 139 1081 268 1135; x_wconf 88' lang='lat' dir='ltr'>senti</span> <span class='ocrx_word' id='word_1_94' title='bbox 294 1081 535 1144; x_wconf 79' lang='lat' dir='ltr'>fortunae,</span> <span class='ocrx_word' id='word_1_95' title='bbox 577 1096 635 1129; x_wconf 86' lang='lat' dir='ltr'>ac</span> <span class='ocrx_word' id='word_1_96' title='bbox 663 1079 978 1146; x_wconf 80' lang='lat' dir='ltr'>prosperitati</span> <span class='ocrx_word' id='word_1_97' title='bbox 1023 1096 1089 1130; x_wconf 88' lang='lat' dir='ltr'>ne</span> <span class='ocrx_word' id='word_1_98' title='bbox 1124 1081 1345 1131; x_wconf 84' lang='lat' dir='ltr'>nimium</span> <span class='ocrx_word' id='word_1_99' title='bbox 1377 1080 1637 1132; x_wconf 79' lang='lat' dir='ltr'>crederent</span> <span class='ocrx_word' id='word_1_100' title='bbox 1663 1123 1676 1146; x_wconf 85' lang='lat'><em>‚</em></span> <span class='ocrx_word' id='word_1_101' title='bbox 1699 1099 1812 1148; x_wconf 79' lang='lat' dir='ltr'>quae</span> 
     </span>
     <span class='ocr_line' id='line_1_14' title="bbox 143 1152 1813 1220; baseline 0.001 -14"><span class='ocrx_word' id='word_1_102' title='bbox 143 1169 428 1207; x_wconf 84' lang='lat' dir='ltr'>momento</span> <span class='ocrx_word' id='word_1_103' title='bbox 463 1153 676 1204; x_wconf 87' lang='lat' dir='ltr'>mobilis</span> <span class='ocrx_word' id='word_1_104' title='bbox 692 1152 830 1202; x_wconf 87' lang='lat' dir='ltr'>horae</span> <span class='ocrx_word' id='word_1_105' title='bbox 857 1157 1041 1204; x_wconf 83' lang='lat' dir='ltr'>mutari</span> <span class='ocrx_word' id='word_1_106' title='bbox 1070 1153 1252 1220; x_wconf 82' lang='lat' dir='ltr'>posset,</span> <span class='ocrx_word' id='word_1_107' title='bbox 1267 1153 1813 1207; x_wconf 80' lang='lat' dir='ltr'>funeribusintcrdum</span> 
     </span>
     <span class='ocr_line' id='line_1_15' title="bbox 146 1225 1816 1295; baseline -0.004 -13"><span class='ocrx_word' id='word_1_108' title='bbox 146 1228 344 1282; x_wconf 83' lang='lat' dir='ltr'>misceri</span> <span class='ocrx_word' id='word_1_109' title='bbox 362 1228 667 1295; x_wconf 81' lang='lat' dir='ltr'>triumphos,</span> <span class='ocrx_word' id='word_1_110' title='bbox 684 1226 950 1293; x_wconf 84' lang='lat' dir='ltr'>triumphis</span> <span class='ocrx_word' id='word_1_111' title='bbox 967 1225 1163 1278; x_wconf 87' lang='lat' dir='ltr'>funera.</span> <span class='ocrx_word' id='word_1_112' title='bbox 1229 1228 1513 1295; x_wconf 81' lang='lat' dir='ltr'>Nunquam</span> <span class='ocrx_word' id='word_1_113' title='bbox 1530 1233 1695 1295; x_wconf 86' lang='lat' dir='ltr'>magis</span> <span class='ocrx_word' id='word_1_114' title='bbox 1726 1249 1816 1282; x_wconf 85' lang='lat' dir='ltr'>co.</span> 
     </span>
     <span class='ocr_line' id='line_1_16' title="bbox 141 1300 1808 1372; baseline 0 -15"><span class='ocrx_word' id='word_1_115' title='bbox 141 1303 433 1357; x_wconf 79' lang='lat' dir='ltr'>bibendam</span> <span class='ocrx_word' id='word_1_116' title='bbox 470 1302 569 1354; x_wconf 86' lang='lat' dir='ltr'>esse</span> <span class='ocrx_word' id='word_1_117' title='bbox 593 1300 924 1352; x_wconf 82' lang='lat' dir='ltr'>insolentiam</span> <span class='ocrx_word' id='word_1_118' title='bbox 957 1342 971 1363; x_wconf 94' lang='lat'>‚</span> <span class='ocrx_word' id='word_1_119' title='bbox 1007 1318 1158 1368; x_wconf 86' lang='lat' dir='ltr'>quam</span> <span class='ocrx_word' id='word_1_120' title='bbox 1187 1303 1275 1352; x_wconf 87' lang='lat' dir='ltr'>ubi</span> <span class='ocrx_word' id='word_1_121' title='bbox 1302 1320 1361 1363; x_wconf 82' lang='lat' dir='ltr'>ex</span> <span class='ocrx_word' id='word_1_122' title='bbox 1390 1305 1499 1356; x_wconf 82' lang='lat' dir='ltr'>voti</span> <span class='ocrx_word' id='word_1_123' title='bbox 1536 1302 1808 1372; x_wconf 86' lang='lat' dir='ltr'>sententia,</span> 
     </span>
     <span class='ocr_line' id='line_1_17' title="bbox 147 1375 1814 1443; baseline 0 -13"><span class='ocrx_word' id='word_1_124' title='bbox 147 1378 277 1430; x_wconf 81' lang='lat' dir='ltr'>&amp;ad</span> <span class='ocrx_word' id='word_1_125' title='bbox 292 1379 568 1429; x_wconf 86' lang='lat' dir='ltr'>voluntatis</span> <span class='ocrx_word' id='word_1_126' title='bbox 592 1390 779 1426; x_wconf 87' lang='lat' dir='ltr'>nutum</span> <span class='ocrx_word' id='word_1_127' title='bbox 815 1391 892 1425; x_wconf 86' lang='lat' dir='ltr'>res</span> <span class='ocrx_word' id='word_1_128' title='bbox 918 1376 1204 1443; x_wconf 84' lang='lat' dir='ltr'>procedunt</span> <span class='ocrx_word' id='word_1_129' title='bbox 1224 1416 1235 1427; x_wconf 86' lang='grc'><strong>.</strong></span> <span class='ocrx_word' id='word_1_130' title='bbox 1271 1378 1429 1429; x_wconf 85' lang='lat' dir='ltr'>Vltro</span> <span class='ocrx_word' id='word_1_131' title='bbox 1456 1381 1562 1442; x_wconf 85' lang='lat' dir='ltr'>jam</span> <span class='ocrx_word' id='word_1_132' title='bbox 1580 1375 1754 1430; x_wconf 79' lang='lat' dir='ltr'>offerri</span> <span class='ocrx_word' id='word_1_133' title='bbox 1785 1399 1814 1434; x_wconf 89' lang='lat' dir='ltr'>a</span> 
     </span>
     <span class='ocr_line' id='line_1_18' title="bbox 141 1448 1814 1519; baseline 0.001 -15"><span class='ocrx_word' id='word_1_134' title='bbox 141 1451 352 1504; x_wconf 83' lang='lat' dir='ltr'>summis</span> <span class='ocrx_word' id='word_1_135' title='bbox 394 1451 711 1518; x_wconf 81' lang='lat' dir='ltr'>Principibus</span> <span class='ocrx_word' id='word_1_136' title='bbox 746 1466 802 1500; x_wconf 88' lang='lat' dir='ltr'>ea</span> <span class='ocrx_word' id='word_1_137' title='bbox 839 1467 948 1517; x_wconf 84' lang='lat' dir='ltr'>quae</span> <span class='ocrx_word' id='word_1_138' title='bbox 974 1452 1055 1502; x_wconf 85' lang='lat' dir='ltr'>vix</span> <span class='ocrx_word' id='word_1_139' title='bbox 1085 1464 1205 1501; x_wconf 88' lang='lat' dir='ltr'>ante</span> <span class='ocrx_word' id='word_1_140' title='bbox 1231 1448 1495 1519; x_wconf 79' lang='lat' dir='ltr'>quisquam</span> <span class='ocrx_word' id='word_1_141' title='bbox 1522 1451 1662 1503; x_wconf 87' lang='lat' dir='ltr'>ausus</span> <span class='ocrx_word' id='word_1_142' title='bbox 1687 1452 1814 1506; x_wconf 86' lang='lat' dir='ltr'>esset</span> 
     </span>
     <span class='ocr_line' id='line_1_19' title="bbox 146 1523 1817 1594; baseline 0 -15"><span class='ocrx_word' id='word_1_143' title='bbox 146 1526 359 1594; x_wconf 81' lang='lat' dir='ltr'>sperare.</span> <span class='ocrx_word' id='word_1_144' title='bbox 399 1527 527 1577; x_wconf 91' lang='lat' dir='ltr'>Non</span> <span class='ocrx_word' id='word_1_145' title='bbox 555 1525 753 1592; x_wconf 86' lang='lat' dir='ltr'>semper</span> <span class='ocrx_word' id='word_1_146' title='bbox 768 1523 1065 1576; x_wconf 79' lang='lat' dir='ltr'>mansurum</span> <span class='ocrx_word' id='word_1_147' title='bbox 1097 1525 1322 1577; x_wconf 84' lang='lat' dir='ltr'>eundem</span> <span class='ocrx_word' id='word_1_148' title='bbox 1348 1529 1655 1591; x_wconf 84' lang='lat' dir='ltr'>animum‚&amp;</span> <span class='ocrx_word' id='word_1_149' title='bbox 1680 1528 1817 1580; x_wconf 86' lang='lat' dir='ltr'>forte</span> 
     </span>
     <span class='ocr_line' id='line_1_20' title="bbox 146 1599 1811 1668; baseline 0 -15"><span class='ocrx_word' id='word_1_150' title='bbox 146 1617 423 1653; x_wconf 78' lang='lat' dir='ltr'>venturum</span> <span class='ocrx_word' id='word_1_151' title='bbox 450 1599 727 1668; x_wconf 85' lang='lat' dir='ltr'>aliquando</span> <span class='ocrx_word' id='word_1_152' title='bbox 752 1600 887 1652; x_wconf 87' lang='lat' dir='ltr'>diem</span> <span class='ocrx_word' id='word_1_153' title='bbox 914 1600 1058 1651; x_wconf 83' lang='lat' dir='ltr'>illum</span> <span class='ocrx_word' id='word_1_154' title='bbox 1077 1642 1091 1666; x_wconf 80' lang='lat'>‚</span> <span class='ocrx_word' id='word_1_155' title='bbox 1110 1617 1215 1667; x_wconf 82' lang='lat' dir='ltr'>quo</span> <span class='ocrx_word' id='word_1_156' title='bbox 1246 1600 1632 1668; x_wconf 64' lang='lat' dir='ltr'>praetermissam</span> <span class='ocrx_word' id='word_1_157' title='bbox 1662 1618 1811 1655; x_wconf 83' lang='lat' dir='ltr'>occa-</span> 
     </span>
     <span class='ocr_line' id='line_1_21' title="bbox 144 1673 1813 1744; baseline 0.001 -16"><span class='ocrx_word' id='word_1_158' title='bbox 144 1676 346 1728; x_wconf 76' lang='lat' dir='ltr'>sionem</span> <span class='ocrx_word' id='word_1_159' title='bbox 376 1675 555 1727; x_wconf 86' lang='lat' dir='ltr'>frustra</span> <span class='ocrx_word' id='word_1_160' title='bbox 581 1673 957 1727; x_wconf 79' lang='lat' dir='ltr'>desiderabunt.</span> <span class='ocrx_word' id='word_1_161' title='bbox 1006 1675 1464 1740; x_wconf 79' lang='lat' dir='ltr'>Quemadmodum</span> <span class='ocrx_word' id='word_1_162' title='bbox 1497 1679 1698 1741; x_wconf 86' lang='lat' dir='ltr'>majore</span> <span class='ocrx_word' id='word_1_163' title='bbox 1727 1695 1813 1744; x_wconf 89' lang='lat' dir='ltr'>pe-</span> 
     </span>
     <span class='ocr_line' id='line_1_22' title="bbox 148 1749 1815 1819; baseline 0.001 -18"><span class='ocrx_word' id='word_1_164' title='bbox 148 1751 310 1801; x_wconf 81' lang='lat' dir='ltr'>riculo</span> <span class='ocrx_word' id='word_1_165' title='bbox 331 1750 444 1801; x_wconf 89' lang='lat' dir='ltr'>sunt</span> <span class='ocrx_word' id='word_1_166' title='bbox 475 1752 588 1818; x_wconf 78' lang='lat' dir='ltr'>aegri</span> <span class='ocrx_word' id='word_1_167' title='bbox 620 1791 633 1807; x_wconf 81' lang='lat'>,</span> <span class='ocrx_word' id='word_1_168' title='bbox 666 1752 756 1819; x_wconf 85' lang='lat' dir='ltr'>qui</span> <span class='ocrx_word' id='word_1_169' title='bbox 797 1765 957 1817; x_wconf 89' lang='lat' dir='ltr'>quum</span> <span class='ocrx_word' id='word_1_170' title='bbox 987 1767 1044 1801; x_wconf 86' lang='lat' dir='ltr'>cx</span> <span class='ocrx_word' id='word_1_171' title='bbox 1071 1749 1273 1802; x_wconf 82' lang='lat' dir='ltr'>adversa</span> <span class='ocrx_word' id='word_1_172' title='bbox 1308 1750 1602 1802; x_wconf 84' lang='lat' dir='ltr'>valetudine</span> <span class='ocrx_word' id='word_1_173' title='bbox 1649 1767 1815 1802; x_wconf 88' lang='lat' dir='ltr'>recre-</span> 
     </span>
     <span class='ocr_line' id='line_1_23' title="bbox 151 1824 1812 1895; baseline 0.001 -20"><span class='ocrx_word' id='word_1_174' title='bbox 151 1826 219 1875; x_wconf 81' lang='lat' dir='ltr'>ari</span> <span class='ocrx_word' id='word_1_175' title='bbox 249 1840 513 1895; x_wconf 85' lang='lat' dir='ltr'>coeperunt</span> <span class='ocrx_word' id='word_1_176' title='bbox 541 1826 705 1876; x_wconf 84' lang='lat' dir='ltr'>statim</span> <span class='ocrx_word' id='word_1_177' title='bbox 734 1825 893 1878; x_wconf 82' lang='lat' dir='ltr'>rursus</span> <span class='ocrx_word' id='word_1_178' title='bbox 912 1827 963 1875; x_wconf 89' lang='lat' dir='ltr'>in</span> <span class='ocrx_word' id='word_1_179' title='bbox 992 1824 1237 1875; x_wconf 85' lang='lat' dir='ltr'>morbum</span> <span class='ocrx_word' id='word_1_180' title='bbox 1263 1824 1496 1876; x_wconf 79' lang='lat' dir='ltr'>incidunt</span> <span class='ocrx_word' id='word_1_181' title='bbox 1518 1867 1530 1890; x_wconf 91' lang='lat'>,</span> <span class='ocrx_word' id='word_1_182' title='bbox 1550 1828 1620 1877; x_wconf 87' lang='lat' dir='ltr'>ita</span> <span class='ocrx_word' id='word_1_183' title='bbox 1648 1827 1812 1876; x_wconf 83' lang='lat' dir='ltr'>maxi-</span> 
     </span>
     <span class='ocr_line' id='line_1_24' title="bbox 144 1899 1809 1969; baseline -0.001 -17"><span class='ocrx_word' id='word_1_184' title='bbox 144 1915 235 1952; x_wconf 85' lang='lat' dir='ltr'>me</span> <span class='ocrx_word' id='word_1_185' title='bbox 264 1900 376 1951; x_wconf 89' lang='lat' dir='ltr'>sunt</span> <span class='ocrx_word' id='word_1_186' title='bbox 402 1899 582 1951; x_wconf 79' lang='lat' dir='ltr'>infesta</span> <span class='ocrx_word' id='word_1_187' title='bbox 615 1900 744 1950; x_wconf 85' lang='lat' dir='ltr'>bella</span> <span class='ocrx_word' id='word_1_188' title='bbox 771 1917 877 1968; x_wconf 83' lang='lat' dir='ltr'>quae</span> <span class='ocrx_word' id='word_1_189' title='bbox 908 1910 1221 1952; x_wconf 81' lang='lat' dir='ltr'>renovantur</span> <span class='ocrx_word' id='word_1_190' title='bbox 1238 1899 1298 1951; x_wconf 88' lang='lat' dir='ltr'>de</span> <span class='ocrx_word' id='word_1_191' title='bbox 1315 1903 1519 1967; x_wconf 81' lang='lat' dir='ltr'>integro</span> <span class='ocrx_word' id='word_1_192' title='bbox 1535 1901 1809 1969; x_wconf 80' lang='lat' dir='ltr'>postquam</span> 
     </span>
     <span class='ocr_line' id='line_1_25' title="bbox 145 1973 1808 2043; baseline -0.001 -19"><span class='ocrx_word' id='word_1_193' title='bbox 145 1989 340 2040; x_wconf 80' lang='lat' dir='ltr'>magno</span> <span class='ocrx_word' id='word_1_194' title='bbox 362 1977 636 2028; x_wconf 81' lang='lat' dir='ltr'>molimine</span> <span class='ocrx_word' id='word_1_195' title='bbox 659 1977 893 2042; x_wconf 80' lang='lat' dir='ltr'>&#39;coeptum</span> <span class='ocrx_word' id='word_1_196' title='bbox 921 1975 990 2027; x_wconf 90' lang='lat' dir='ltr'>est</span> <span class='ocrx_word' id='word_1_197' title='bbox 1024 1973 1087 2027; x_wconf 86' lang='lat' dir='ltr'>de</span> <span class='ocrx_word' id='word_1_198' title='bbox 1116 1991 1239 2043; x_wconf 80' lang='lat' dir='ltr'>pace</span> <span class='ocrx_word' id='word_1_199' title='bbox 1277 1978 1358 2027; x_wconf 89' lang='lat' dir='ltr'>vel</span> <span class='ocrx_word' id='word_1_200' title='bbox 1387 1975 1611 2038; x_wconf 75' lang='lat' dir='ltr'>inducijs</span> <span class='ocrx_word' id='word_1_201' title='bbox 1651 1973 1808 2024; x_wconf 87' lang='lat' dir='ltr'>disce-</span> 
     </span>
     <span class='ocr_line' id='line_1_26' title="bbox 147 2049 1811 2118; baseline 0 -20"><span class='ocrx_word' id='word_1_202' title='bbox 147 2052 307 2118; x_wconf 85' lang='lat' dir='ltr'>ptari.</span> <span class='ocrx_word' id='word_1_203' title='bbox 374 2049 462 2100; x_wconf 88' lang='lat' dir='ltr'>Per</span> <span class='ocrx_word' id='word_1_204' title='bbox 486 2066 615 2117; x_wconf 85' lang='lat' dir='ltr'>quos</span> <span class='ocrx_word' id='word_1_205' title='bbox 643 2049 838 2102; x_wconf 75' lang='lat' dir='ltr'>stetisset</span> <span class='ocrx_word' id='word_1_206' title='bbox 865 2055 1146 2118; x_wconf 84' lang='lat' dir='ltr'>quominus</span> <span class='ocrx_word' id='word_1_207' title='bbox 1185 2049 1390 2101; x_wconf 81' lang='lat' dir='ltr'>discidia</span> <span class='ocrx_word' id='word_1_208' title='bbox 1432 2065 1811 2117; x_wconf 79' lang='lat' dir='ltr'>componeren-</span> 
     </span>
     <span class='ocr_line' id='line_1_27' title="bbox 149 2123 1815 2195; baseline -0.003 -20"><span class='ocrx_word' id='word_1_209' title='bbox 149 2138 259 2192; x_wconf 76' lang='lat' dir='ltr'>tur,</span> <span class='ocrx_word' id='word_1_210' title='bbox 294 2126 346 2173; x_wconf 88' lang='lat' dir='ltr'>in</span> <span class='ocrx_word' id='word_1_211' title='bbox 364 2141 449 2175; x_wconf 78' lang='lat' dir='ltr'>eos</span> <span class='ocrx_word' id='word_1_212' title='bbox 477 2123 858 2177; x_wconf 81' lang='lat' dir='ltr'>redundaturam</span> <span class='ocrx_word' id='word_1_213' title='bbox 885 2127 1133 2178; x_wconf 81' lang='lat' dir='ltr'>invidiam</span> <span class='ocrx_word' id='word_1_214' title='bbox 1164 2139 1317 2195; x_wconf 84' lang='lat' dir='ltr'>atque</span> <span class='ocrx_word' id='word_1_215' title='bbox 1342 2125 1612 2176; x_wconf 81' lang='lat' dir='ltr'>infamiam</span> <span class='ocrx_word' id='word_1_216' title='bbox 1640 2125 1815 2175; x_wconf 85' lang='lat' dir='ltr'>omni-</span> 
     </span>
     <span class='ocr_line' id='line_1_28' title="bbox 152 2196 1812 2270; baseline -0.003 -20"><span class='ocrx_word' id='word_1_217' title='bbox 152 2212 243 2251; x_wconf 87' lang='lat' dir='ltr'>um</span> <span class='ocrx_word' id='word_1_218' title='bbox 279 2199 500 2249; x_wconf 82' lang='lat' dir='ltr'>cladium</span> <span class='ocrx_word' id='word_1_219' title='bbox 531 2201 577 2249; x_wconf 71' lang='grc' dir='ltr'>ὃ(</span> <span class='ocrx_word' id='word_1_220' title='bbox 615 2200 962 2252; x_wconf 86' lang='lat' dir='ltr'>calamitatum</span> <span class='ocrx_word' id='word_1_221' title='bbox 1006 2218 1116 2270; x_wconf 69' lang='lat' dir='ltr'>quae</span> <span class='ocrx_word' id='word_1_222' title='bbox 1150 2218 1209 2252; x_wconf 85' lang='lat' dir='ltr'>ex</span> <span class='ocrx_word' id='word_1_223' title='bbox 1240 2199 1364 2250; x_wconf 85' lang='lat' dir='ltr'>inde</span> <span class='ocrx_word' id='word_1_224' title='bbox 1402 2203 1687 2251; x_wconf 84' lang='lat' dir='ltr'>orirentur.</span> <span class='ocrx_word' id='word_1_225' title='bbox 1750 2196 1812 2246; x_wconf 87' lang='lat' dir='ltr'>Se</span> 
     </span>
     <span class='ocr_line' id='line_1_29' title="bbox 152 2270 1813 2343; baseline -0.002 -20"><span class='ocrx_word' id='word_1_226' title='bbox 152 2289 304 2340; x_wconf 87' lang='lat' dir='ltr'>puros</span> <span class='ocrx_word' id='word_1_227' title='bbox 339 2275 385 2323; x_wconf 78' lang='grc' dir='ltr'>ὃ(</span> <span class='ocrx_word' id='word_1_228' title='bbox 411 2277 674 2324; x_wconf 84' lang='lat' dir='ltr'>immunes</span> <span class='ocrx_word' id='word_1_229' title='bbox 693 2275 822 2326; x_wconf 86' lang='lat' dir='ltr'>istius</span> <span class='ocrx_word' id='word_1_230' title='bbox 841 2275 991 2343; x_wconf 79' lang='lat' dir='ltr'>culpae</span> <span class='ocrx_word' id='word_1_231' title='bbox 1016 2277 1214 2328; x_wconf 80' lang='lat' dir='ltr'>futuros</span> <span class='ocrx_word' id='word_1_232' title='bbox 1245 2291 1418 2326; x_wconf 81' lang='lat' dir='ltr'>coram</span> <span class='ocrx_word' id='word_1_233' title='bbox 1456 2276 1576 2324; x_wconf 87' lang='lat' dir='ltr'>Deo</span> <span class='ocrx_word' id='word_1_234' title='bbox 1607 2270 1813 2323; x_wconf 86' lang='lat' dir='ltr'>custode</span> 
     </span>
     <span class='ocr_line' id='line_1_30' title="bbox 157 2348 1815 2415; baseline -0.001 -18"><span class='ocrx_word' id='word_1_235' title='bbox 157 2348 366 2414; x_wconf 81' lang='lat' dir='ltr'>Regum</span> <span class='ocrx_word' id='word_1_236' title='bbox 383 2365 439 2398; x_wconf 88' lang='lat' dir='ltr'>ac</span> <span class='ocrx_word' id='word_1_237' title='bbox 455 2350 764 2415; x_wconf 77' lang='lat' dir='ltr'>Regnorum</span> <span class='ocrx_word' id='word_1_238' title='bbox 784 2353 1109 2412; x_wconf 79' lang='lat' dir='ltr'>,commitem</span> <span class='ocrx_word' id='word_1_239' title='bbox 1139 2350 1446 2399; x_wconf 86' lang='lat' dir='ltr'>hominibus</span> <span class='ocrx_word' id='word_1_240' title='bbox 1474 2350 1561 2415; x_wconf 84' lang='lat' dir='ltr'>qui</span> <span class='ocrx_word' id='word_1_241' title='bbox 1578 2361 1815 2398; x_wconf 84' lang='lat' dir='ltr'>reveren-</span> 
     </span>
     <span class='ocr_line' id='line_1_31' title="bbox 150 2419 1818 2491; baseline -0.002 -18"><span class='ocrx_word' id='word_1_242' title='bbox 150 2425 280 2473; x_wconf 85' lang='lat' dir='ltr'>tiam</span> <span class='ocrx_word' id='word_1_243' title='bbox 297 2421 497 2488; x_wconf 72' lang='lat' dir='ltr'>sceptris</span> <span class='ocrx_word' id='word_1_244' title='bbox 512 2424 729 2489; x_wconf 80' lang='lat' dir='ltr'>debitam</span> <span class='ocrx_word' id='word_1_245' title='bbox 748 2441 840 2491; x_wconf 87' lang='lat' dir='ltr'>pto</span> <span class='ocrx_word' id='word_1_246' title='bbox 855 2424 1615 2490; x_wconf 73' lang='lat' dir='ltr'>dignitate,&amp;meritoaestimare</span> <span class='ocrx_word' id='word_1_247' title='bbox 1630 2419 1818 2470; x_wconf 83' lang='lat' dir='ltr'>didice-</span> 
     </span>
     <span class='ocr_line' id='line_1_32' title="bbox 159 2497 1841 2566; baseline -0.002 -18"><span class='ocrx_word' id='word_1_248' title='bbox 159 2511 276 2548; x_wconf 82' lang='lat' dir='ltr'>runt</span> <span class='ocrx_word' id='word_1_249' title='bbox 294 2537 305 2550; x_wconf 90' lang='lat'><strong>.</strong></span> <span class='ocrx_word' id='word_1_250' title='bbox 380 2497 707 2565; x_wconf 83' lang='lat' dir='ltr'>Responsum</span> <span class='ocrx_word' id='word_1_251' title='bbox 738 2500 806 2549; x_wconf 88' lang='lat' dir='ltr'>est</span> <span class='ocrx_word' id='word_1_252' title='bbox 832 2501 896 2548; x_wconf 87' lang='lat' dir='ltr'>ab</span> <span class='ocrx_word' id='word_1_253' title='bbox 926 2498 1205 2550; x_wconf 79' lang='lat' dir='ltr'>Ordinibus</span> <span class='ocrx_word' id='word_1_254' title='bbox 1236 2500 1373 2563; x_wconf 80' lang='lat' dir='ltr'>quasi</span> <span class='ocrx_word' id='word_1_255' title='bbox 1400 2516 1487 2566; x_wconf 88' lang='lat' dir='ltr'>per</span> <span class='ocrx_word' id='word_1_256' title='bbox 1515 2497 1841 2559; x_wconf 10' lang='lat' dir='ltr'>relationem?</span> 
     </span>
     <span class='ocr_line' id='line_1_33' title="bbox 163 2571 1816 2639; baseline -0.002 -18"><span class='ocrx_word' id='word_1_257' title='bbox 163 2573 436 2621; x_wconf 86' lang='lat' dir='ltr'>criminum</span> <span class='ocrx_word' id='word_1_258' title='bbox 466 2575 522 2621; x_wconf 80' lang='lat' dir='ltr'>in</span> <span class='ocrx_word' id='word_1_259' title='bbox 551 2571 855 2623; x_wconf 79' lang='lat' dir='ltr'>adversarios</span> <span class='ocrx_word' id='word_1_260' title='bbox 887 2614 904 2639; x_wconf 73' lang='lat'>‚</span> <span class='ocrx_word' id='word_1_261' title='bbox 941 2573 1069 2624; x_wconf 85' lang='lat' dir='ltr'>nihil</span> <span class='ocrx_word' id='word_1_262' title='bbox 1093 2573 1192 2625; x_wconf 80' lang='lat' dir='ltr'>esse</span> <span class='ocrx_word' id='word_1_263' title='bbox 1220 2573 1287 2622; x_wconf 88' lang='lat' dir='ltr'>ab</span> <span class='ocrx_word' id='word_1_264' title='bbox 1312 2572 1360 2624; x_wconf 89' lang='lat' dir='ltr'>se</span> <span class='ocrx_word' id='word_1_265' title='bbox 1399 2573 1629 2623; x_wconf 62' lang='lat' dir='ltr'>relictum</span> <span class='ocrx_word' id='word_1_266' title='bbox 1673 2573 1816 2619; x_wconf 82' lang='lat' dir='ltr'>inex·</span> 
     </span>
     <span class='ocr_line' id='line_1_34' title="bbox 159 2646 1820 2714; baseline -0.003 -17"><span class='ocrx_word' id='word_1_267' title='bbox 159 2658 358 2714; x_wconf 84' lang='lat' dir='ltr'>pertum</span> <span class='ocrx_word' id='word_1_268' title='bbox 380 2660 434 2699; x_wconf 82' lang='lat' dir='ltr'>ut</span> <span class='ocrx_word' id='word_1_269' title='bbox 463 2649 526 2714; x_wconf 0' lang='lat' dir='ltr'>apd</span> <span class='ocrx_word' id='word_1_270' title='bbox 557 2646 1070 2714; x_wconf 80' lang='lat' dir='ltr'>fidam‚honestam,</span> <span class='ocrx_word' id='word_1_271' title='bbox 1103 2649 1332 2700; x_wconf 81' lang='lat' dir='ltr'>tutam&amp;</span> <span class='ocrx_word' id='word_1_272' title='bbox 1370 2647 1605 2701; x_wconf 81' lang='lat' dir='ltr'>stabilem</span> <span class='ocrx_word' id='word_1_273' title='bbox 1638 2659 1820 2712; x_wconf 77' lang='lat' dir='ltr'>pacem</span> 
     </span>
     <span class='ocr_line' id='line_1_35' title="bbox 1561 2734 1822 2791; baseline -0.015 -19"><span class='ocrx_word' id='word_1_274' title='bbox 1561 2734 1822 2791; x_wconf 63' lang='lat' dir='ltr'>perveniri</span> 
     </span>
    </p>
   </div>
  </div>
 </body>
</html>
