<?xml version="1.0" encoding="UTF-8"?>
<!DOCTYPE html PUBLIC "-//W3C//DTD XHTML 1.0 Transitional//EN"
    "http://www.w3.org/TR/xhtml1/DTD/xhtml1-transitional.dtd">
<html xmlns="http://www.w3.org/1999/xhtml" xml:lang="en" lang="en">
 <head>
  <title>
</title>
<meta http-equiv="Content-Type" content="text/html;charset=utf-8" />
  <meta name='ocr-system' content='tesseract 3.04.00' />
  <meta name='ocr-capabilities' content='ocr_page ocr_carea ocr_par ocr_line ocrx_word'/>
</head>
<body>
  <div class='ocr_page' id='page_1' title='image "./libritresdeindvc00baud/libritresdeindvc00baud_0123.png"; bbox 0 0 2284 3132; ppageno 0'>
   <div class='ocr_carea' id='block_1_1' title="bbox 576 129 1827 199">
    <p class='ocr_par' dir='ltr' id='par_1_1' title="bbox 576 129 1827 199">
     <span class='ocr_line' id='line_1_1' title="bbox 576 129 1827 199; baseline -0.001 -16"><span class='ocrx_word' id='word_1_1' title='bbox 576 131 915 184; x_wconf 66' lang='lat' dir='ltr'>numer</span> <span class='ocrx_word' id='word_1_2' title='bbox 980 129 1208 182; x_wconf 67' lang='lat' dir='ltr'>unm</span> <span class='ocrx_word' id='word_1_3' title='bbox 1280 134 1358 182; x_wconf 88' lang='lat'>11.</span> <span class='ocrx_word' id='word_1_4' title='bbox 1764 149 1827 199; x_wconf 80' lang='lat'>93</span> 
     </span>
    </p>
   </div>
   <div class='ocr_carea' id='block_1_2' title="bbox 130 215 1826 2731">
    <p class='ocr_par' dir='ltr' id='par_1_2' title="bbox 130 215 1826 2731">
     <span class='ocr_line' id='line_1_2' title="bbox 153 215 1826 288; baseline 0.001 -15"><span class='ocrx_word' id='word_1_5' title='bbox 153 215 385 273; x_wconf 80' lang='lat' dir='ltr'>Primum</span> <span class='ocrx_word' id='word_1_6' title='bbox 405 217 546 288; x_wconf 86' lang='lat' dir='ltr'>quod</span> <span class='ocrx_word' id='word_1_7' title='bbox 561 219 760 283; x_wconf 82' lang='lat' dir='ltr'>judicio</span> <span class='ocrx_word' id='word_1_8' title='bbox 778 235 956 270; x_wconf 87' lang='lat' dir='ltr'>eorum</span> <span class='ocrx_word' id='word_1_9' title='bbox 973 221 1281 285; x_wconf 83' lang='lat' dir='ltr'>iampridem</span> <span class='ocrx_word' id='word_1_10' title='bbox 1298 220 1525 273; x_wconf 82' lang='lat' dir='ltr'>damnati</span> <span class='ocrx_word' id='word_1_11' title='bbox 1545 223 1709 274; x_wconf 78' lang='lat' dir='ltr'>finnus</span> <span class='ocrx_word' id='word_1_12' title='bbox 1728 224 1826 275; x_wconf 82' lang='lat' dir='ltr'>hae-</span> 
     </span>
     <span class='ocr_line' id='line_1_3' title="bbox 153 293 1824 365; baseline 0.001 -17"><span class='ocrx_word' id='word_1_13' title='bbox 153 299 321 348; x_wconf 80' lang='lat' dir='ltr'>reticae</span> <span class='ocrx_word' id='word_1_14' title='bbox 337 296 618 362; x_wconf 84' lang='lat' dir='ltr'>pravitatis,</span> <span class='ocrx_word' id='word_1_15' title='bbox 635 293 858 362; x_wconf 84' lang='lat' dir='ltr'>ideoque</span> <span class='ocrx_word' id='word_1_16' title='bbox 873 294 1021 343; x_wconf 89' lang='lat' dir='ltr'>nullo</span> <span class='ocrx_word' id='word_1_17' title='bbox 1036 296 1155 343; x_wconf 88' lang='lat' dir='ltr'>iuris</span> <span class='ocrx_word' id='word_1_18' title='bbox 1170 294 1387 345; x_wconf 84' lang='lat' dir='ltr'>humani</span> <span class='ocrx_word' id='word_1_19' title='bbox 1408 295 1668 365; x_wconf 84' lang='lat' dir='ltr'>divinique</span> <span class='ocrx_word' id='word_1_20' title='bbox 1695 316 1824 349; x_wconf 91' lang='lat' dir='ltr'>con-</span> 
     </span>
     <span class='ocr_line' id='line_1_4' title="bbox 151 366 1812 439; baseline 0.002 -19"><span class='ocrx_word' id='word_1_21' title='bbox 151 368 311 420; x_wconf 91' lang='lat' dir='ltr'>sortio</span> <span class='ocrx_word' id='word_1_22' title='bbox 327 369 468 436; x_wconf 85' lang='lat' dir='ltr'><strong>digni</strong></span> <span class='ocrx_word' id='word_1_23' title='bbox 484 368 981 419; x_wconf 87' lang='lat' dir='ltr'>censemur.Deinde</span> <span class='ocrx_word' id='word_1_24' title='bbox 1000 366 1143 434; x_wconf 86' lang='lat' dir='ltr'>quod</span> <span class='ocrx_word' id='word_1_25' title='bbox 1157 384 1293 420; x_wconf 79' lang='lat' dir='ltr'>extra</span> <span class='ocrx_word' id='word_1_26' title='bbox 1311 370 1508 420; x_wconf 85' lang='lat' dir='ltr'>causam</span> <span class='ocrx_word' id='word_1_27' title='bbox 1548 375 1812 439; x_wconf 72' lang='lat' dir='ltr'>religionis</span> 
     </span>
     <span class='ocr_line' id='line_1_5' title="bbox 149 442 1819 511; baseline 0.002 -17"><span class='ocrx_word' id='word_1_28' title='bbox 149 442 397 495; x_wconf 80' lang='lat' dir='ltr'>habemur</span> <span class='ocrx_word' id='word_1_29' title='bbox 414 458 508 511; x_wconf 87' lang='lat' dir='ltr'>pro</span> <span class='ocrx_word' id='word_1_30' title='bbox 523 443 731 492; x_wconf 89' lang='lat' dir='ltr'>subditis</span> <span class='ocrx_word' id='word_1_31' title='bbox 759 443 1069 504; x_wconf 79' lang='lat' dir='ltr'><strong>rebellibus,</strong></span> <span class='ocrx_word' id='word_1_32' title='bbox 1110 444 1157 491; x_wconf 72' lang='grc' dir='ltr'>ὃ(</span> <span class='ocrx_word' id='word_1_33' title='bbox 1186 442 1379 493; x_wconf 83' lang='lat' dir='ltr'>idcirco</span> <span class='ocrx_word' id='word_1_34' title='bbox 1405 447 1678 497; x_wconf 82' lang='lat' dir='ltr'>nobiscum</span> <span class='ocrx_word' id='word_1_35' title='bbox 1707 465 1819 498; x_wconf 86' lang='lat' dir='ltr'>non</span> 
     </span>
     <span class='ocr_line' id='line_1_6' title="bbox 149 515 1814 586; baseline 0.004 -19"><span class='ocrx_word' id='word_1_36' title='bbox 149 530 395 583; x_wconf 82' lang='lat' dir='ltr'>tanquam</span> <span class='ocrx_word' id='word_1_37' title='bbox 413 533 525 568; x_wconf 89' lang='lat' dir='ltr'>cum</span> <span class='ocrx_word' id='word_1_38' title='bbox 544 517 684 567; x_wconf 87' lang='lat' dir='ltr'>iustis</span> <span class='ocrx_word' id='word_1_39' title='bbox 700 533 758 566; x_wconf 86' lang='lat' dir='ltr'>ac</span> <span class='ocrx_word' id='word_1_40' title='bbox 774 519 1015 582; x_wconf 81' lang='lat' dir='ltr'>legitimis</span> <span class='ocrx_word' id='word_1_41' title='bbox 1045 515 1270 567; x_wconf 85' lang='lat' dir='ltr'>hostibus</span> <span class='ocrx_word' id='word_1_42' title='bbox 1290 560 1301 580; x_wconf 90' lang='lat'>,</span> <span class='ocrx_word' id='word_1_43' title='bbox 1321 518 1404 569; x_wconf 89' lang='lat' dir='ltr'>sed</span> <span class='ocrx_word' id='word_1_44' title='bbox 1424 535 1667 586; x_wconf 77' lang='lat' dir='ltr'>tanquam</span> <span class='ocrx_word' id='word_1_45' title='bbox 1699 538 1814 574; x_wconf 81' lang='lat' dir='ltr'>cum</span> 
     </span>
     <span class='ocr_line' id='line_1_7' title="bbox 147 589 1814 659; baseline 0.004 -19"><span class='ocrx_word' id='word_1_46' title='bbox 147 592 381 659; x_wconf 84' lang='lat' dir='ltr'>piratis&amp;</span> <span class='ocrx_word' id='word_1_47' title='bbox 400 592 614 659; x_wconf 86' lang='lat' dir='ltr'>publicis</span> <span class='ocrx_word' id='word_1_48' title='bbox 627 589 1212 658; x_wconf 80' lang='lat' dir='ltr'>praedonibusagendum</span> <span class='ocrx_word' id='word_1_49' title='bbox 1243 591 1339 642; x_wconf 88' lang='lat' dir='ltr'>esse</span> <span class='ocrx_word' id='word_1_50' title='bbox 1367 594 1692 655; x_wconf 82' lang='lat' dir='ltr'>existimatur,</span> <span class='ocrx_word' id='word_1_51' title='bbox 1730 597 1814 647; x_wconf 86' lang='lat' dir='ltr'>ad·</span> 
     </span>
     <span class='ocr_line' id='line_1_8' title="bbox 148 661 1810 733; baseline 0.003 -18"><span class='ocrx_word' id='word_1_52' title='bbox 148 661 315 716; x_wconf 85' lang='lat' dir='ltr'>versus</span> <span class='ocrx_word' id='word_1_53' title='bbox 332 681 461 732; x_wconf 89' lang='lat' dir='ltr'>quos</span> <span class='ocrx_word' id='word_1_54' title='bbox 477 666 582 715; x_wconf 90' lang='lat' dir='ltr'>iura</span> <span class='ocrx_word' id='word_1_55' title='bbox 600 665 719 733; x_wconf 83' lang='lat' dir='ltr'>belli</span> <span class='ocrx_word' id='word_1_56' title='bbox 737 681 846 715; x_wconf 88' lang='lat' dir='ltr'>non</span> <span class='ocrx_word' id='word_1_57' title='bbox 872 663 1148 714; x_wconf 82' lang='lat' dir='ltr'>servantur.</span> <span class='ocrx_word' id='word_1_58' title='bbox 1182 665 1298 715; x_wconf 77' lang='lat' dir='ltr'>Haec</span> <span class='ocrx_word' id='word_1_59' title='bbox 1326 664 1539 732; x_wconf 81' lang='lat' dir='ltr'>speciose</span> <span class='ocrx_word' id='word_1_60' title='bbox 1557 669 1810 726; x_wconf 82' lang='lat' dir='ltr'>dicuntur,</span> 
     </span>
     <span class='ocr_line' id='line_1_9' title="bbox 148 738 1813 810; baseline 0.005 -23"><span class='ocrx_word' id='word_1_61' title='bbox 148 740 197 787; x_wconf 75' lang='grc' dir='ltr'>ὅ(</span> <span class='ocrx_word' id='word_1_62' title='bbox 212 755 323 789; x_wconf 89' lang='lat' dir='ltr'>non</span> <span class='ocrx_word' id='word_1_63' title='bbox 340 738 542 789; x_wconf 87' lang='lat' dir='ltr'>nihilex</span> <span class='ocrx_word' id='word_1_64' title='bbox 557 754 682 791; x_wconf 88' lang='lat' dir='ltr'>vero</span> <span class='ocrx_word' id='word_1_65' title='bbox 700 738 1132 789; x_wconf 84' lang='lat' dir='ltr'>trahunt.Tamen</span> <span class='ocrx_word' id='word_1_66' title='bbox 1149 740 1183 791; x_wconf 81' lang='lat' dir='ltr'>si</span> <span class='ocrx_word' id='word_1_67' title='bbox 1200 740 1373 790; x_wconf 81' lang='lat' dir='ltr'>levato</span> <span class='ocrx_word' id='word_1_68' title='bbox 1393 744 1511 792; x_wconf 88' lang='lat' dir='ltr'>velo</span> <span class='ocrx_word' id='word_1_69' title='bbox 1527 760 1636 794; x_wconf 87' lang='lat' dir='ltr'>rem</span> <span class='ocrx_word' id='word_1_70' title='bbox 1654 744 1813 810; x_wconf 81' lang='lat' dir='ltr'>ipsam</span> 
     </span>
     <span class='ocr_line' id='line_1_10' title="bbox 143 811 1813 882; baseline 0.004 -20"><span class='ocrx_word' id='word_1_71' title='bbox 143 811 484 880; x_wconf 86' lang='lat' dir='ltr'>inspiciamus,</span> <span class='ocrx_word' id='word_1_72' title='bbox 506 813 612 881; x_wconf 89' lang='lat' dir='ltr'>plus</span> <span class='ocrx_word' id='word_1_73' title='bbox 625 812 801 863; x_wconf 87' lang='lat' dir='ltr'>Panici</span> <span class='ocrx_word' id='word_1_74' title='bbox 820 814 1025 862; x_wconf 87' lang='lat' dir='ltr'>terroris</span> <span class='ocrx_word' id='word_1_75' title='bbox 1042 812 1239 863; x_wconf 85' lang='lat' dir='ltr'>habent</span> <span class='ocrx_word' id='word_1_76' title='bbox 1258 831 1411 881; x_wconf 86' lang='lat' dir='ltr'>quam</span> <span class='ocrx_word' id='word_1_77' title='bbox 1431 818 1813 882; x_wconf 84' lang='lat' dir='ltr'>periculi.Nam</span> 
     </span>
     <span class='ocr_line' id='line_1_11' title="bbox 142 885 1812 954; baseline 0.005 -17"><span class='ocrx_word' id='word_1_78' title='bbox 142 885 288 954; x_wconf 86' lang='lat' dir='ltr'>quod</span> <span class='ocrx_word' id='word_1_79' title='bbox 306 886 518 938; x_wconf 89' lang='lat' dir='ltr'>decreto</span> <span class='ocrx_word' id='word_1_80' title='bbox 532 887 947 938; x_wconf 80' lang='lat' dir='ltr'>Constantiensis</span> <span class='ocrx_word' id='word_1_81' title='bbox 961 886 1398 953; x_wconf 86' lang='lat' dir='ltr'>synodisancitum</span> <span class='ocrx_word' id='word_1_82' title='bbox 1420 889 1517 941; x_wconf 84' lang='lat' dir='ltr'>effe</span> <span class='ocrx_word' id='word_1_83' title='bbox 1529 891 1714 950; x_wconf 89' lang='lat' dir='ltr'>fertur,</span> <span class='ocrx_word' id='word_1_84' title='bbox 1751 894 1812 946; x_wconf 87' lang='lat' dir='ltr'>fi-</span> 
     </span>
     <span class='ocr_line' id='line_1_12' title="bbox 145 960 1813 1028; baseline 0.005 -18"><span class='ocrx_word' id='word_1_85' title='bbox 145 960 262 1011; x_wconf 88' lang='lat' dir='ltr'>dem</span> <span class='ocrx_word' id='word_1_86' title='bbox 281 962 518 1012; x_wconf 87' lang='lat' dir='ltr'>haereticis</span> <span class='ocrx_word' id='word_1_87' title='bbox 531 960 713 1012; x_wconf 84' lang='lat' dir='ltr'>servari</span> <span class='ocrx_word' id='word_1_88' title='bbox 732 977 843 1010; x_wconf 89' lang='lat' dir='ltr'>non</span> <span class='ocrx_word' id='word_1_89' title='bbox 869 975 1110 1028; x_wconf 83' lang='lat' dir='ltr'>oportere</span> <span class='ocrx_word' id='word_1_90' title='bbox 1131 988 1144 1025; x_wconf 79' lang='lat'><em>3</em></span> <span class='ocrx_word' id='word_1_91' title='bbox 1190 963 1454 1014; x_wconf 86' lang='lat' dir='ltr'>Iohannes</span> <span class='ocrx_word' id='word_1_92' title='bbox 1484 965 1672 1016; x_wconf 74' lang='lat' dir='ltr'>Huss&#39;us</span> <span class='ocrx_word' id='word_1_93' title='bbox 1702 986 1813 1020; x_wconf 83' lang='lat' dir='ltr'>cru-</span> 
     </span>
     <span class='ocr_line' id='line_1_13' title="bbox 145 1035 1812 1108; baseline 0.005 -24"><span class='ocrx_word' id='word_1_94' title='bbox 145 1035 246 1086; x_wconf 85' lang='lat' dir='ltr'>deli</span> <span class='ocrx_word' id='word_1_95' title='bbox 264 1035 512 1103; x_wconf 87' lang='lat' dir='ltr'>supplicio</span> <span class='ocrx_word' id='word_1_96' title='bbox 527 1035 665 1086; x_wconf 87' lang='lat' dir='ltr'>triste</span> <span class='ocrx_word' id='word_1_97' title='bbox 683 1035 1059 1085; x_wconf 84' lang='lat' dir='ltr'>documentum</span> <span class='ocrx_word' id='word_1_98' title='bbox 1089 1037 1276 1104; x_wconf 75' lang='lat' dir='ltr'>praebet</span> <span class='ocrx_word' id='word_1_99' title='bbox 1292 1078 1307 1103; x_wconf 59' lang='lat'>2</span> <span class='ocrx_word' id='word_1_100' title='bbox 1327 1055 1480 1104; x_wconf 88' lang='lat' dir='ltr'>quam</span> <span class='ocrx_word' id='word_1_101' title='bbox 1497 1057 1673 1106; x_wconf 84' lang='lat' dir='ltr'>parum</span> <span class='ocrx_word' id='word_1_102' title='bbox 1694 1060 1812 1108; x_wconf 62' lang='lat' dir='ltr'>prae-</span> 
     </span>
     <span class='ocr_line' id='line_1_14' title="bbox 141 1109 1808 1173; baseline 0.003 -10"><span class='ocrx_word' id='word_1_103' title='bbox 141 1109 252 1170; x_wconf 81' lang='lat' dir='ltr'>sidij</span> <span class='ocrx_word' id='word_1_104' title='bbox 271 1109 495 1160; x_wconf 71' lang='lat' dir='ltr'>fueritin</span> <span class='ocrx_word' id='word_1_105' title='bbox 513 1109 650 1161; x_wconf 87' lang='lat' dir='ltr'>salvo</span> <span class='ocrx_word' id='word_1_106' title='bbox 668 1110 922 1161; x_wconf 64' lang='lat' dir='ltr'>conduCtu</span> <span class='ocrx_word' id='word_1_107' title='bbox 943 1110 1395 1173; x_wconf 80' lang='lat' dir='ltr'>Caesaris‚adversus</span> <span class='ocrx_word' id='word_1_108' title='bbox 1409 1115 1513 1163; x_wconf 82' lang='lat' dir='ltr'>vim</span> <span class='ocrx_word' id='word_1_109' title='bbox 1533 1116 1578 1164; x_wconf 84' lang='lat'>&amp;</span> <span class='ocrx_word' id='word_1_110' title='bbox 1609 1118 1808 1168; x_wconf 76' lang='lat' dir='ltr'>violen-</span> 
     </span>
     <span class='ocr_line' id='line_1_15' title="bbox 139 1184 1804 1252; baseline 0.005 -18"><span class='ocrx_word' id='word_1_111' title='bbox 139 1186 266 1234; x_wconf 87' lang='lat' dir='ltr'>tiam</span> <span class='ocrx_word' id='word_1_112' title='bbox 284 1199 667 1250; x_wconf 86' lang='lat' dir='ltr'>purpuratorum</span> <span class='ocrx_word' id='word_1_113' title='bbox 686 1188 993 1252; x_wconf 83' lang='lat' dir='ltr'>patrum,qui</span> <span class='ocrx_word' id='word_1_114' title='bbox 1010 1184 1283 1236; x_wconf 87' lang='lat' dir='ltr'>hominem</span> <span class='ocrx_word' id='word_1_115' title='bbox 1315 1187 1804 1243; x_wconf 78' lang='lat' dir='ltr'>innocentissimum</span> 
     </span>
     <span class='ocr_line' id='line_1_16' title="bbox 138 1256 1806 1329; baseline 0.004 -19"><span class='ocrx_word' id='word_1_116' title='bbox 138 1258 524 1310; x_wconf 84' lang='lat' dir='ltr'>vivicomburio</span> <span class='ocrx_word' id='word_1_117' title='bbox 540 1256 850 1307; x_wconf 87' lang='lat' dir='ltr'>sustulerunt.</span> <span class='ocrx_word' id='word_1_118' title='bbox 866 1257 959 1308; x_wconf 87' lang='lat' dir='ltr'>Sed</span> <span class='ocrx_word' id='word_1_119' title='bbox 976 1259 1177 1324; x_wconf 80' lang='lat' dir='ltr'>quaesita</span> <span class='ocrx_word' id='word_1_120' title='bbox 1201 1258 1271 1309; x_wconf 90' lang='lat' dir='ltr'>est</span> <span class='ocrx_word' id='word_1_121' title='bbox 1286 1260 1481 1312; x_wconf 87' lang='lat' dir='ltr'>latebra</span> <span class='ocrx_word' id='word_1_122' title='bbox 1494 1265 1712 1329; x_wconf 83' lang='lat' dir='ltr'>periurio</span> <span class='ocrx_word' id='word_1_123' title='bbox 1744 1284 1806 1317; x_wconf 67' lang='lat' dir='ltr'>ex</span> 
     </span>
     <span class='ocr_line' id='line_1_17' title="bbox 140 1329 1805 1406; baseline 0.007 -25"><span class='ocrx_word' id='word_1_124' title='bbox 140 1332 398 1382; x_wconf 86' lang='lat' dir='ltr'>calumnia</span> <span class='ocrx_word' id='word_1_125' title='bbox 411 1329 707 1397; x_wconf 79' lang='lat' dir='ltr'>quadam‚&amp;</span> <span class='ocrx_word' id='word_1_126' title='bbox 725 1332 979 1383; x_wconf 89' lang='lat' dir='ltr'>malitiosa</span> <span class='ocrx_word' id='word_1_127' title='bbox 996 1335 1116 1382; x_wconf 87' lang='lat' dir='ltr'>iuris</span> <span class='ocrx_word' id='word_1_128' title='bbox 1130 1334 1576 1401; x_wconf 84' lang='lat' dir='ltr'>interpretatione.</span> <span class='ocrx_word' id='word_1_129' title='bbox 1597 1339 1805 1406; x_wconf 81' lang='lat' dir='ltr'>Negant</span> 
     </span>
     <span class='ocr_line' id='line_1_18' title="bbox 139 1404 1803 1471; baseline 0.007 -15"><span class='ocrx_word' id='word_1_130' title='bbox 139 1407 282 1456; x_wconf 83' lang='lat' dir='ltr'>enim</span> <span class='ocrx_word' id='word_1_131' title='bbox 299 1404 475 1458; x_wconf 85' lang='lat' dir='ltr'>Caesari</span> <span class='ocrx_word' id='word_1_132' title='bbox 488 1405 560 1455; x_wconf 86' lang='lat' dir='ltr'>fas</span> <span class='ocrx_word' id='word_1_133' title='bbox 574 1405 715 1456; x_wconf 83' lang='lat' dir='ltr'>fuisse</span> <span class='ocrx_word' id='word_1_134' title='bbox 732 1405 990 1471; x_wconf 80' lang='lat' dir='ltr'>publicam</span> <span class='ocrx_word' id='word_1_135' title='bbox 1009 1407 1168 1456; x_wconf 86' lang='lat' dir='ltr'>fidem</span> <span class='ocrx_word' id='word_1_136' title='bbox 1187 1409 1471 1461; x_wconf 84' lang='lat' dir='ltr'>concedere</span> <span class='ocrx_word' id='word_1_137' title='bbox 1487 1413 1539 1460; x_wconf 90' lang='lat' dir='ltr'>in</span> <span class='ocrx_word' id='word_1_138' title='bbox 1558 1411 1735 1463; x_wconf 72' lang='lat' dir='ltr'>fraude</span> <span class='ocrx_word' id='word_1_139' title='bbox 1754 1419 1803 1468; x_wconf 64' lang='grc' dir='ltr'>ἓξ</span> 
     </span>
     <span class='ocr_line' id='line_1_19' title="bbox 132 1476 1804 1552; baseline 0.007 -22"><span class='ocrx_word' id='word_1_140' title='bbox 132 1476 479 1549; x_wconf 68' lang='lat' dir='ltr'>praejudicium</span> <span class='ocrx_word' id='word_1_141' title='bbox 496 1480 845 1531; x_wconf 82' lang='lat' dir='ltr'>Ecclesiasticae</span> <span class='ocrx_word' id='word_1_142' title='bbox 861 1481 1239 1542; x_wconf 66' lang='lat' dir='ltr'>jurisdiCrioniS.</span> <span class='ocrx_word' id='word_1_143' title='bbox 1269 1480 1496 1549; x_wconf 81' lang='lat' dir='ltr'>Signavit</span> <span class='ocrx_word' id='word_1_144' title='bbox 1528 1486 1708 1552; x_wconf 82' lang='lat' dir='ltr'>Caesar,</span> <span class='ocrx_word' id='word_1_145' title='bbox 1725 1492 1804 1542; x_wconf 87' lang='lat' dir='ltr'>in-</span> 
     </span>
     <span class='ocr_line' id='line_1_20' title="bbox 135 1553 1803 1623; baseline 0.003 -20"><span class='ocrx_word' id='word_1_146' title='bbox 135 1556 318 1623; x_wconf 90' lang='lat' dir='ltr'>quiunt</span> <span class='ocrx_word' id='word_1_147' title='bbox 334 1553 523 1606; x_wconf 83' lang='lat' dir='ltr'>saevitiae</span> <span class='ocrx_word' id='word_1_148' title='bbox 540 1557 587 1604; x_wconf 69' lang='grc' dir='ltr'>ἃ</span> <span class='ocrx_word' id='word_1_149' title='bbox 602 1554 850 1617; x_wconf 80' lang='lat' dir='ltr'>injustiriae</span> <span class='ocrx_word' id='word_1_150' title='bbox 866 1557 1089 1623; x_wconf 88' lang='lat' dir='ltr'>patroni,</span> <span class='ocrx_word' id='word_1_151' title='bbox 1108 1556 1378 1621; x_wconf 79' lang='lat' dir='ltr'>resignavit</span> <span class='ocrx_word' id='word_1_152' title='bbox 1397 1559 1539 1608; x_wconf 89' lang='lat' dir='ltr'>orbis</span> <span class='ocrx_word' id='word_1_153' title='bbox 1554 1560 1803 1615; x_wconf 83' lang='lat' dir='ltr'>Christia-</span> 
     </span>
     <span class='ocr_line' id='line_1_21' title="bbox 133 1628 1804 1698; baseline 0.005 -17"><span class='ocrx_word' id='word_1_154' title='bbox 133 1644 230 1681; x_wconf 82' lang='lat' dir='ltr'>nus</span> <span class='ocrx_word' id='word_1_155' title='bbox 242 1629 405 1680; x_wconf 86' lang='lat' dir='ltr'>maior</span> <span class='ocrx_word' id='word_1_156' title='bbox 422 1628 627 1680; x_wconf 84' lang='lat' dir='ltr'>Caesare.</span> <span class='ocrx_word' id='word_1_157' title='bbox 644 1635 767 1698; x_wconf 85' lang='lat' dir='ltr'>Quae</span> <span class='ocrx_word' id='word_1_158' title='bbox 782 1629 988 1696; x_wconf 85' lang='lat' dir='ltr'>quidem</span> <span class='ocrx_word' id='word_1_159' title='bbox 1005 1629 1236 1681; x_wconf 76' lang='lat' dir='ltr'>defensio</span> <span class='ocrx_word' id='word_1_160' title='bbox 1253 1647 1360 1681; x_wconf 90' lang='lat' dir='ltr'>non</span> <span class='ocrx_word' id='word_1_161' title='bbox 1381 1636 1553 1684; x_wconf 85' lang='lat' dir='ltr'>minus</span> <span class='ocrx_word' id='word_1_162' title='bbox 1578 1637 1649 1687; x_wconf 83' lang='lat' dir='ltr'>est</span> <span class='ocrx_word' id='word_1_163' title='bbox 1676 1640 1804 1690; x_wconf 80' lang='lat' dir='ltr'>inci-</span> 
     </span>
     <span class='ocr_line' id='line_1_22' title="bbox 134 1703 1800 1772; baseline 0.005 -17"><span class='ocrx_word' id='word_1_164' title='bbox 134 1704 249 1755; x_wconf 80' lang='lat' dir='ltr'>vilis</span> <span class='ocrx_word' id='word_1_165' title='bbox 269 1703 670 1755; x_wconf 84' lang='lat' dir='ltr'>&amp;inverecunda</span> <span class='ocrx_word' id='word_1_166' title='bbox 687 1748 703 1772; x_wconf 55' lang='lat'>2</span> <span class='ocrx_word' id='word_1_167' title='bbox 738 1721 890 1770; x_wconf 84' lang='lat' dir='ltr'>quam</span> <span class='ocrx_word' id='word_1_168' title='bbox 907 1703 1069 1771; x_wconf 82' lang='lat' dir='ltr'>ipsum</span> <span class='ocrx_word' id='word_1_169' title='bbox 1086 1704 1279 1756; x_wconf 83' lang='lat' dir='ltr'>violatae</span> <span class='ocrx_word' id='word_1_170' title='bbox 1291 1705 1408 1756; x_wconf 81' lang='lat' dir='ltr'>fidei</span> <span class='ocrx_word' id='word_1_171' title='bbox 1422 1707 1616 1760; x_wconf 86' lang='lat' dir='ltr'>facinus</span> <span class='ocrx_word' id='word_1_172' title='bbox 1633 1729 1690 1761; x_wconf 84' lang='lat' dir='ltr'>ac</span> <span class='ocrx_word' id='word_1_173' title='bbox 1707 1713 1800 1765; x_wconf 87' lang='lat' dir='ltr'>fia-</span> 
     </span>
     <span class='ocr_line' id='line_1_23' title="bbox 136 1777 1798 1852; baseline 0.002 -27"><span class='ocrx_word' id='word_1_174' title='bbox 136 1777 478 1843; x_wconf 80' lang='lat' dir='ltr'>gitium.Nam</span> <span class='ocrx_word' id='word_1_175' title='bbox 495 1791 547 1828; x_wconf 85' lang='lat' dir='ltr'>ut</span> <span class='ocrx_word' id='word_1_176' title='bbox 562 1778 665 1828; x_wconf 86' lang='lat' dir='ltr'>hoc</span> <span class='ocrx_word' id='word_1_177' title='bbox 683 1780 781 1828; x_wconf 87' lang='lat' dir='ltr'>illis</span> <span class='ocrx_word' id='word_1_178' title='bbox 799 1795 858 1828; x_wconf 88' lang='lat' dir='ltr'>ex</span> <span class='ocrx_word' id='word_1_179' title='bbox 872 1779 1182 1829; x_wconf 80' lang='lat' dir='ltr'>liberalitate</span> <span class='ocrx_word' id='word_1_180' title='bbox 1202 1781 1511 1832; x_wconf 84' lang='lat' dir='ltr'>concedatur</span> <span class='ocrx_word' id='word_1_181' title='bbox 1526 1784 1588 1835; x_wconf 87' lang='lat' dir='ltr'>dc</span> <span class='ocrx_word' id='word_1_182' title='bbox 1606 1803 1712 1852; x_wconf 86' lang='lat' dir='ltr'>quo</span> <span class='ocrx_word' id='word_1_183' title='bbox 1727 1802 1798 1840; x_wconf 68' lang='lat' dir='ltr'>ta„</span> 
     </span>
     <span class='ocr_line' id='line_1_24' title="bbox 130 1853 1797 1929; baseline 0.007 -28"><span class='ocrx_word' id='word_1_184' title='bbox 130 1867 251 1902; x_wconf 86' lang='lat' dir='ltr'>men</span> <span class='ocrx_word' id='word_1_185' title='bbox 267 1854 510 1902; x_wconf 86' lang='lat' dir='ltr'>acerrima</span> <span class='ocrx_word' id='word_1_186' title='bbox 527 1853 868 1904; x_wconf 85' lang='lat' dir='ltr'>controversia</span> <span class='ocrx_word' id='word_1_187' title='bbox 882 1853 952 1903; x_wconf 88' lang='lat' dir='ltr'>est</span> <span class='ocrx_word' id='word_1_188' title='bbox 971 1895 982 1915; x_wconf 90' lang='lat'>‚</span> <span class='ocrx_word' id='word_1_189' title='bbox 1003 1853 1306 1904; x_wconf 84' lang='lat' dir='ltr'>Cardinales</span> <span class='ocrx_word' id='word_1_190' title='bbox 1332 1858 1379 1905; x_wconf 70' lang='grc' dir='ltr'>ὃ(</span> <span class='ocrx_word' id='word_1_191' title='bbox 1406 1855 1669 1926; x_wconf 74' lang='lat' dir='ltr'>Episcopos</span> <span class='ocrx_word' id='word_1_192' title='bbox 1706 1867 1797 1929; x_wconf 87' lang='lat' dir='ltr'>qui.</span> 
     </span>
     <span class='ocr_line' id='line_1_25' title="bbox 130 1925 1795 2001; baseline 0.005 -24"><span class='ocrx_word' id='word_1_193' title='bbox 130 1925 296 1977; x_wconf 87' lang='lat' dir='ltr'>isthuc</span> <span class='ocrx_word' id='word_1_194' title='bbox 310 1928 512 1977; x_wconf 65' lang='lat' dir='ltr'>venerit</span> <span class='ocrx_word' id='word_1_195' title='bbox 530 1925 671 1979; x_wconf 79' lang='lat' dir='ltr'>fuisse</span> <span class='ocrx_word' id='word_1_196' title='bbox 687 1929 964 1977; x_wconf 88' lang='lat' dir='ltr'>concilium.</span> <span class='ocrx_word' id='word_1_197' title='bbox 980 1928 1102 1978; x_wconf 64' lang='lat' dir='ltr'>recte</span> <span class='ocrx_word' id='word_1_198' title='bbox 1117 1943 1263 1995; x_wconf 80' lang='lat' dir='ltr'>atque</span> <span class='ocrx_word' id='word_1_199' title='bbox 1277 1929 1461 1981; x_wconf 77' lang='lat' dir='ltr'>ordine</span> <span class='ocrx_word' id='word_1_200' title='bbox 1480 1947 1667 1998; x_wconf 77' lang='lat' dir='ltr'>congre</span> <span class='ocrx_word' id='word_1_201' title='bbox 1674 1939 1795 2001; x_wconf 69' lang='lat' dir='ltr'>garri</span> 
     </span>
     <span class='ocr_line' id='line_1_26' title="bbox 133 1999 1795 2072; baseline 0.006 -21"><span class='ocrx_word' id='word_1_202' title='bbox 133 2002 189 2051; x_wconf 87' lang='lat' dir='ltr'>in</span> <span class='ocrx_word' id='word_1_203' title='bbox 208 2002 430 2050; x_wconf 84' lang='lat' dir='ltr'>nomine</span> <span class='ocrx_word' id='word_1_204' title='bbox 446 1999 616 2050; x_wconf 57' lang='lat' dir='ltr'>sanetae</span> <span class='ocrx_word' id='word_1_205' title='bbox 631 2004 678 2051; x_wconf 84' lang='lat'>&amp;</span> <span class='ocrx_word' id='word_1_206' title='bbox 693 2001 957 2052; x_wconf 68' lang='lat' dir='ltr'>individuae</span> <span class='ocrx_word' id='word_1_207' title='bbox 973 2003 1241 2052; x_wconf 79' lang='lat' dir='ltr'>Trinitatis</span> <span class='ocrx_word' id='word_1_208' title='bbox 1257 2003 1319 2052; x_wconf 82' lang='lat' dir='ltr'>ad</span> <span class='ocrx_word' id='word_1_209' title='bbox 1351 2009 1676 2072; x_wconf 70' lang='lat' dir='ltr'>propagandi</span> <span class='ocrx_word' id='word_1_210' title='bbox 1696 2009 1795 2062; x_wconf 83' lang='lat' dir='ltr'>Dei</span> 
     </span>
     <span class='ocr_line' id='line_1_27' title="bbox 130 2072 1792 2143; baseline 0.007 -19"><span class='ocrx_word' id='word_1_211' title='bbox 130 2076 423 2143; x_wconf 84' lang='lat' dir='ltr'>gloriam‚&amp;</span> <span class='ocrx_word' id='word_1_212' title='bbox 438 2072 499 2124; x_wconf 86' lang='lat' dir='ltr'>ad</span> <span class='ocrx_word' id='word_1_213' title='bbox 527 2075 900 2142; x_wconf 65' lang='lat' dir='ltr'>procurandam</span> <span class='ocrx_word' id='word_1_214' title='bbox 917 2076 1142 2127; x_wconf 70' lang='lat' dir='ltr'>Ecclesiae</span> <span class='ocrx_word' id='word_1_215' title='bbox 1156 2077 1587 2132; x_wconf 80' lang='lat' dir='ltr'>reformationem</span> <span class='ocrx_word' id='word_1_216' title='bbox 1609 2099 1714 2133; x_wconf 86' lang='lat' dir='ltr'>tum</span> <span class='ocrx_word' id='word_1_217' title='bbox 1735 2088 1792 2136; x_wconf 89' lang='lat' dir='ltr'>in</span> 
     </span>
     <span class='ocr_line' id='line_1_28' title="bbox 130 2149 1792 2217; baseline 0.005 -16"><span class='ocrx_word' id='word_1_218' title='bbox 130 2153 307 2217; x_wconf 79' lang='lat' dir='ltr'>capite,</span> <span class='ocrx_word' id='word_1_219' title='bbox 327 2164 435 2199; x_wconf 87' lang='lat' dir='ltr'>tum</span> <span class='ocrx_word' id='word_1_220' title='bbox 455 2151 509 2197; x_wconf 88' lang='lat' dir='ltr'>in</span> <span class='ocrx_word' id='word_1_221' title='bbox 524 2151 767 2201; x_wconf 81' lang='lat' dir='ltr'>membris</span> <span class='ocrx_word' id='word_1_222' title='bbox 792 2169 806 2196; x_wconf 92' lang='grc'>.·</span> <span class='ocrx_word' id='word_1_223' title='bbox 842 2149 1113 2201; x_wconf 87' lang='lat' dir='ltr'>undenam</span> <span class='ocrx_word' id='word_1_224' title='bbox 1132 2150 1302 2202; x_wconf 82' lang='lat' dir='ltr'>datum</span> <span class='ocrx_word' id='word_1_225' title='bbox 1320 2152 1372 2201; x_wconf 86' lang='lat' dir='ltr'>id</span> <span class='ocrx_word' id='word_1_226' title='bbox 1389 2153 1479 2204; x_wconf 81' lang='lat' dir='ltr'>fibi</span> <span class='ocrx_word' id='word_1_227' title='bbox 1507 2153 1710 2207; x_wconf 83' lang='lat' dir='ltr'>sumunt</span> <span class='ocrx_word' id='word_1_228' title='bbox 1734 2174 1792 2210; x_wconf 82' lang='lat' dir='ltr'>ut</span> 
     </span>
     <span class='ocr_line' id='line_1_29' title="bbox 133 2222 1792 2284; baseline 0.005 -10"><span class='ocrx_word' id='word_1_229' title='bbox 133 2224 443 2274; x_wconf 83' lang='lat' dir='ltr'>authoritate</span> <span class='ocrx_word' id='word_1_230' title='bbox 461 2222 664 2273; x_wconf 71' lang='lat' dir='ltr'>Caesaris</span> <span class='ocrx_word' id='word_1_231' title='bbox 679 2226 819 2274; x_wconf 88' lang='lat' dir='ltr'>abuti</span> <span class='ocrx_word' id='word_1_232' title='bbox 835 2226 1033 2275; x_wconf 84' lang='lat' dir='ltr'>licuerit</span> <span class='ocrx_word' id='word_1_233' title='bbox 1051 2225 1418 2276; x_wconf 86' lang='lat' dir='ltr'>adinescandas</span> <span class='ocrx_word' id='word_1_234' title='bbox 1436 2230 1482 2278; x_wconf 62' lang='grc' dir='ltr'>ὃς</span> <span class='ocrx_word' id='word_1_235' title='bbox 1509 2230 1792 2284; x_wconf 86' lang='lat' dir='ltr'>illiciendas</span> 
     </span>
     <span class='ocr_line' id='line_1_30' title="bbox 130 2296 1790 2368; baseline 0.005 -19"><span class='ocrx_word' id='word_1_236' title='bbox 130 2299 185 2349; x_wconf 87' lang='lat' dir='ltr'>in</span> <span class='ocrx_word' id='word_1_237' title='bbox 205 2296 380 2349; x_wconf 72' lang='lat' dir='ltr'>fraude</span> <span class='ocrx_word' id='word_1_238' title='bbox 398 2297 619 2348; x_wconf 84' lang='lat' dir='ltr'>credulas</span> <span class='ocrx_word' id='word_1_239' title='bbox 635 2312 834 2350; x_wconf 88' lang='lat' dir='ltr'>mentes</span> <span class='ocrx_word' id='word_1_240' title='bbox 863 2299 1250 2367; x_wconf 74' lang='lat' dir='ltr'>hominum‚qui</span> <span class='ocrx_word' id='word_1_241' title='bbox 1267 2300 1362 2350; x_wconf 85' lang='lat' dir='ltr'>alia</span> <span class='ocrx_word' id='word_1_242' title='bbox 1378 2302 1487 2368; x_wconf 79' lang='lat' dir='ltr'>lege</span> <span class='ocrx_word' id='word_1_243' title='bbox 1520 2320 1629 2353; x_wconf 82' lang='lat' dir='ltr'>non</span> <span class='ocrx_word' id='word_1_244' title='bbox 1649 2324 1790 2358; x_wconf 63' lang='lat' dir='ltr'>erant</span> 
     </span>
     <span class='ocr_line' id='line_1_31' title="bbox 131 2370 1791 2445; baseline 0.005 -22"><span class='ocrx_word' id='word_1_245' title='bbox 131 2371 178 2423; x_wconf 90' lang='lat' dir='ltr'>se</span> <span class='ocrx_word' id='word_1_246' title='bbox 193 2370 504 2423; x_wconf 76' lang='lat' dir='ltr'>commissuri</span> <span class='ocrx_word' id='word_1_247' title='bbox 524 2371 718 2427; x_wconf 81' lang='lat' dir='ltr'>judicio</span> <span class='ocrx_word' id='word_1_248' title='bbox 735 2374 1026 2440; x_wconf 84' lang='lat' dir='ltr'>capitalium</span> <span class='ocrx_word' id='word_1_249' title='bbox 1042 2376 1405 2424; x_wconf 69' lang='lat' dir='ltr'>inimicorum?</span> <span class='ocrx_word' id='word_1_250' title='bbox 1453 2377 1592 2444; x_wconf 72' lang='lat' dir='ltr'>Qd</span> <span class='ocrx_word' id='word_1_251' title='bbox 1618 2380 1791 2445; x_wconf 67' lang='lat' dir='ltr'>irnpe-</span> 
     </span>
     <span class='ocr_line' id='line_1_32' title="bbox 131 2445 1794 2516; baseline 0.004 -19"><span class='ocrx_word' id='word_1_252' title='bbox 131 2449 330 2498; x_wconf 81' lang='lat' dir='ltr'>ratoriae</span> <span class='ocrx_word' id='word_1_253' title='bbox 364 2445 613 2495; x_wconf 84' lang='lat' dir='ltr'>Maiestati</span> <span class='ocrx_word' id='word_1_254' title='bbox 649 2448 952 2514; x_wconf 79' lang='lat' dir='ltr'>rellnquitur</span> <span class='ocrx_word' id='word_1_255' title='bbox 989 2463 1158 2515; x_wconf 80' lang='lat' dir='ltr'>praeter</span> <span class='ocrx_word' id='word_1_256' title='bbox 1189 2450 1400 2499; x_wconf 86' lang='lat' dir='ltr'>inanem</span> <span class='ocrx_word' id='word_1_257' title='bbox 1430 2454 1599 2516; x_wconf 74' lang='lat' dir='ltr'>magui</span> <span class='ocrx_word' id='word_1_258' title='bbox 1628 2459 1794 2505; x_wconf 85' lang='lat' dir='ltr'>nomi-</span> 
     </span>
     <span class='ocr_line' id='line_1_33' title="bbox 134 2520 1797 2593; baseline 0.007 -24"><span class='ocrx_word' id='word_1_259' title='bbox 134 2523 210 2570; x_wconf 82' lang='lat' dir='ltr'>nis</span> <span class='ocrx_word' id='word_1_260' title='bbox 245 2522 486 2570; x_wconf 82' lang='lat' dir='ltr'>umbram</span> <span class='ocrx_word' id='word_1_261' title='bbox 517 2562 530 2584; x_wconf 84' lang='lat'>‚</span> <span class='ocrx_word' id='word_1_262' title='bbox 580 2522 615 2571; x_wconf 82' lang='lat' dir='ltr'>si</span> <span class='ocrx_word' id='word_1_263' title='bbox 658 2520 814 2571; x_wconf 84' lang='lat' dir='ltr'>fidem</span> <span class='ocrx_word' id='word_1_264' title='bbox 867 2520 1145 2586; x_wconf 70' lang='lat' dir='ltr'>solenniter</span> <span class='ocrx_word' id='word_1_265' title='bbox 1178 2521 1348 2572; x_wconf 86' lang='lat' dir='ltr'>datam</span> <span class='ocrx_word' id='word_1_266' title='bbox 1383 2525 1648 2593; x_wconf 81' lang='lat' dir='ltr'>observare.</span> <span class='ocrx_word' id='word_1_267' title='bbox 1684 2546 1797 2581; x_wconf 82' lang='lat' dir='ltr'>non</span> 
     </span>
     <span class='ocr_line' id='line_1_34' title="bbox 132 2594 1797 2669; baseline 0.004 -22"><span class='ocrx_word' id='word_1_268' title='bbox 132 2597 301 2666; x_wconf 80' lang='lat' dir='ltr'>potuit</span> <span class='ocrx_word' id='word_1_269' title='bbox 333 2595 429 2649; x_wconf 78' lang='lat' dir='ltr'>nisi</span> <span class='ocrx_word' id='word_1_270' title='bbox 464 2609 717 2664; x_wconf 81' lang='lat' dir='ltr'>quatenus</span> <span class='ocrx_word' id='word_1_271' title='bbox 753 2595 1096 2652; x_wconf 77' lang='lat' dir='ltr'>infenfissimis</span> <span class='ocrx_word' id='word_1_272' title='bbox 1127 2594 1360 2647; x_wconf 84' lang='lat' dir='ltr'>hostibus</span> <span class='ocrx_word' id='word_1_273' title='bbox 1377 2598 1540 2662; x_wconf 74' lang='lat' dir='ltr'>visum</span> <span class='ocrx_word' id='word_1_274' title='bbox 1578 2599 1693 2669; x_wconf 72' lang='lat' dir='ltr'>fuir³</span> <span class='ocrx_word' id='word_1_275' title='bbox 1707 2607 1797 2669; x_wconf 82' lang='lat' dir='ltr'>qui</span> 
     </span>
     <span class='ocr_line' id='line_1_35' title="bbox 1160 2669 1802 2731; baseline 0.012 -10"><span class='ocrx_word' id='word_1_276' title='bbox 1160 2669 1221 2721; x_wconf 90' lang='lat' dir='ltr'>M</span> <span class='ocrx_word' id='word_1_277' title='bbox 1295 2689 1316 2731; x_wconf 81' lang='lat'><strong>3</strong></span> <span class='ocrx_word' id='word_1_278' title='bbox 1685 2694 1802 2729; x_wconf 80' lang='lat' dir='ltr'>non</span> 
     </span>
    </p>
   </div>
  </div>
 </body>
</html>
