2284 3132
367 172 459 206 110
796 149 893 195 DE
959 143 1334 194 INDVCII'S
1403 138 1626 190 BELLI

369 242 591 293 nimium
622 230 933 284 lascivirent.
1014 228 1135 280 Hoc
1159 229 1272 296 ipsis
1304 228 1571 279 consilium
1607 224 1713 276 dari
1741 219 2052 276 abamiciffi-

326 316 330 317 ⁷
375 313 467 366 mo
498 315 642 376 Rege
685 352 696 372 ‚
736 311 877 369 cuius
922 305 1353 356 benevolentiam
1401 301 1680 352 illustribus
1725 299 2053 350 documentis

380 389 542 441 essent
578 385 766 451 experti
805 420 815 432 .
863 385 1007 451 Quin
1041 382 1090 428 &
1117 393 1292 429 recens
1324 376 1513 428 exstare
1544 377 1800 444 specimen
1829 391 1887 425 ac
1915 374 2054 424 testi-

386 456 627 514 moniuiu
658 457 730 508 sui
758 473 876 523 erga
908 454 1134 505 Ordines
1159 453 1346 503 favoris
1375 465 1522 518 atque
1550 447 1748 500 affeeffus
1776 490 1788 511 ‚
1823 447 1965 514 quod
1999 451 2056 498 in

388 551 571 589 eorum
602 535 814 599 gratiam
839 530 1166 581 conditiones
1208 526 1302 578 sibi
1331 542 1389 575 ac
1440 540 1606 591 regno
1635 520 1876 589 gloriosas
1916 523 2058 573 ultro

391 611 589 662 oblatas
605 605 922 674 adspernatus
948 603 1100 669 esset,
1138 618 1204 652 ne
1229 599 1354 667 quid
1381 598 1528 649 fieret
1552 600 1689 650 unde
1719 595 1937 664 suscepta
1964 612 2054 648 ne-

395 685 616 753 gotiatio
642 683 777 748 pa'cis
799 694 882 731 aut
910 677 1229 727 induciarum
1259 673 1614 725 retardaretur.
1673 671 1932 723 Innuebat
1967 687 2057 722 au-

398 775 505 810 tem
535 755 671 807 haud
696 753 1219 805 obscuresermonem
1250 764 1276 798 a
1295 748 1451 799 Petro
1466 747 1727 796 Toletano
1746 745 2062 813 propositum

402 834 463 883 de
491 828 760 898 iungendo
788 827 1128 879 matrimonio
1156 826 1292 874 inter
1319 822 1499 874 Gallia:
1535 819 1850 887 Delphinem
1880 821 1926 869 δί
1952 835 2059 870 ητα·

404 909 573 971 jorem
605 918 726 956 natu
757 901 917 953 filiam
946 901 1102 964 Regis
1127 896 1486 963 Hispaniarum
1513 936 1527 959 ,
1564 898 1647 944 cui
1676 893 1807 942 dotis
1847 894 2066 946 nomine

407 977 655 1031 ceffitsent
696 1021 709 1041 ‚
750 979 799 1025 δε
831 968 1070 1041 resignari
1099 970 1353 1021 debebant
1405 973 1510 1034 jura
1535 970 1717 1019 omnia
1755 983 2068 1037 quaecunque

408 1055 653 1121 Philippo
681 1054 730 1101 &
760 1046 1135 1100 Archiducibus
1171 1046 1226 1094 in
1253 1045 1526 1111 Belgarum
1565 1056 1775 1109 gentem
1805 1055 2070 1109 compete-

412 1131 555 1180 bant.
596 1128 712 1177 Hoc
728 1123 892 1174 modo
908 1123 1007 1189 spes
1035 1133 1136 1171 erat
1153 1120 1257 1168 elui
1281 1117 1417 1185 poffe
1442 1118 1701 1168 maculam
1725 1114 2075 1183 transcriptio-

410 1201 710 1254 nisindultae
743 1196 1055 1255 Ordinibus,
1087 1194 1309 1244 &unitas
1334 1193 1626 1243 Provincias
1651 1189 1732 1240 seu
1749 1190 1957 1256 sponte,
1991 1189 2077 1241 seu

135 1308 137 1310 ·
178 1300 348 1344 xxixat.
413 1291 554 1328 metu
570 1275 780 1336 majoris
797 1273 919 1321 mali
945 1266 1288 1320 accessionem
1316 1265 1430 1315 fore
1444 1264 1609 1329 ejusce
1625 1263 2078 1314 donationiS.Cir-

181 1353 344 1411 septemb.
418 1368 474 1402 ca
490 1349 628 1400 idem
646 1362 842 1414 tempus
859 1350 1041 1395 iterum
1057 1341 1262 1393 habitus
1287 1340 1358 1391 est
1376 1352 1661 1392 conventus
1676 1340 1810 1389 inter
1826 1335 2084 1388 Archidu-

419 1440 537 1477 cum
556 1425 604 1475 δε
621 1421 882 1473 Ordinum
900 1421 1123 1485 Legatos
1137 1428 1193 1466 ut
1217 1413 1370 1466 missis
1395 1414 1695 1481 ambagibus
1722 1411 2081 1476 ediffcreretur,

422 1497 611 1565 ecquid
638 1496 784 1563 super
808 1494 1062 1562 praecipuis
1087 1506 1254 1542 rerum
1294 1489 1539 1555 capitibus
1579 1486 1749 1555 perfici
1784 1490 1833 1537 δε
1859 1485 2087 1552 expediri

424 1571 605 1641 p‘offet.
644 1568 964 1637 Responsum
985 1564 1070 1631 est,
1086 1566 1255 1633 paucis
1270 1563 1461 1614 abhinc
1479 1562 1652 1612 diebus
1666 1561 1983 1612 intelledtam'
1994 1558 2089 1612 effe

426 1644 764 1697 decretoriam
792 1643 1114 1696 voluntatem
1141 1640 1300 1705 Regis
1342 1636 1757 1687 &Archiducum
1776 1677 1791 1700 ,
1840 1637 2089 1686 nimirum

429 1720 565 1771 velle
588 1718 637 1768 se
667 1719 894 1768 omnino
913 1718 959 1765 ὅ(
978 1732 1163 1783 cupere
1179 1726 1336 1763 ratam
1352 1754 1365 1774 ,
1397 1711 1554 1763 fixam
1572 1754 1585 1776 ,
1605 1712 1946 1760 &immotam
1981 1725 2091 1761 ma-

426 1809 546 1844 nere
564 1792 838 1842 cessionem
869 1792 986 1853 juris
1014 1791 1068 1838 in
1085 1790 1292 1854 gratiam
1325 1786 1585 1837 Ordinum
1612 1783 1920 1851 transcripti,
1949 1781 2092 1852 quid..

429 1865 624 1932 quidin
640 1867 952 1916 contrarium
973 1861 1189 1925 dicatur,
1209 1859 1495 1926 dol-umque
1523 1875 1740 1912 omnem
1758 1858 1923 1909 abesse
1939 1863 1987 1909 δε
2001 1857 2092 1909 ab«-

429 1940 662 1991 futurum
685 1939 810 1988 atali
841 1939 1188 1989 conventione
1215 1977 1229 1998 ‚
1260 1932 1352 1985 sub
1380 1934 1477 1984 hac
1501 1935 1617 2001 lege
1646 1933 2007 1985 &conditione
2035 1939 2096 1984 ut

432 2013 650 2076 vicissim
676 1999 905 2062 Ofdines
939 2023 1044 2062 tam
1069 2008 1244 2060 illustri
1271 2009 1421 2059 titulo
1446 2009 1574 2059 auE'ti
1591 2051 1604 2072 ‚
1640 2022 1744 2058 tam
1768 2009 1962 2074 ingenti
1978 2023 2096 2058 mu-

432 2104 554 2139 nere
584 2103 642 2140 ac
659 2087 915 2139 beneficio
944 2084 1192 2147 devincti,
1240 2097 1412 2150 gratos
1440 2081 1537 2134 sese
1552 2099 1610 2133 ac
1622 2097 1881 2133 memores
1909 2081 2096 2149 proba-

437 2174 571 2212 rent.
650 2161 708 2211 Id
737 2162 840 2212 hoc
855 2159 1069 2211 demum
1087 2159 1237 2226 pasto
1264 2157 1513 2221 futurum,
1533 2157 1568 2211 fi
1602 2157 1825 2207 liberum
1844 2157 2097 2207 Romanae

439 2235 706 2301 religionis
752 2236 1043 2286 exercitium
1072 2250 1156 2300 per
1180 2246 1365 2283 omnes
1401 2242 1578 2282 eorum
1604 2229 1899 2284 Provincias
1929 2228 2098 2280 indul-

440 2322 620 2376 geatur
655 2351 668 2373 ,
704 2310 751 2358 δε
792 2309 828 2360 fi
866 2310 920 2357 in
947 2321 1119 2361 totum
1175 2306 1241 2356 ab
1280 2304 1467 2356 Indicis
1510 2304 1932 2372 navigationibus
1969 2304 2098 2355 absi-

438 2382 591 2434 stant.
667 2381 753 2433 Ad
776 2382 974 2450 reliqua
1000 2379 1138 2450 quod
1169 2382 1383 2444 attinet,
1418 2396 1714 2448 quanquam
1741 2395 1852 2429 non
1879 2375 2099 2428 difficilis

440 2454 576 2506 foret
603 2458 734 2507 inter
759 2457 928 2507 bonos
945 2453 1241 2518 concordia,
1261 2452 1414 2505 siduo
1439 2454 1527 2505 illa
1551 2456 1678 2521 grati
1705 2452 1865 2505 animi
1881 2452 2102 2518 pignora

445 2529 684 2580 concessa
713 2529 900 2581 fuerint
934 2573 946 2592 ,
976 2545 1031 2581 ut
1058 2530 1197 2583 velut
1232 2530 1431 2594 signum
1461 2524 1710 2578 sustulisse
1737 2524 2001 2580 videantur
2036 2525 2103 2576 ad

445 2603 582 2658 bene
611 2603 671 2658 de
697 2615 880 2658 caetero
903 2603 1231 2676 sperandum,
1268 2615 1446 2658 tamen
1476 2617 1590 2656 non
1620 2598 1723 2657 esse
1750 2600 1825 2659 fib
1854 2598 2030 2651 datum
2046 2601 2105 2653 in

1887 2672 2104 2730 manda-
