2284 3132
631 125 961 177 marmor
1003 123 1223 175 maiza
1267 127 1305 175 1.
1784 130 1821 189 9

138 214 463 271 salutandum
502 214 718 270 fratrem
748 215 1073 269 accefferunt.
1150 216 1410 269 Mandatis
1436 215 1539 269 eius
1578 218 1816 272 contine-

142 294 291 346 batur
304 308 359 345 ut
373 293 676 361 fignificaret
688 292 991 355 Ordinibus,
1007 294 1188 342 omnia
1203 294 1313 360 ipsis
1326 296 1521 360 integra
1536 294 1665 358 fore,
1682 312 1814 347 con-

142 368 336 420 suetam
353 369 566 435 regendi
584 368 807 418 formam
824 409 837 431 ‚
852 366 1148 417 libertatem
1162 405 1173 422 ,
1195 369 1501 435 religionem
1516 371 1569 417 in
1600 372 1814 437 pristino

143 443 266 494 statu
283 443 569 495 mansuram
588 485 600 507 ‚
620 445 744 505 iura,
764 442 1018 508 privilegia
1035 442 1231 492 nullam
1246 458 1441 508 partem
1470 445 1809 499 imminutum

141 518 236 579 iri,
256 517 369 568 fide
390 536 512 584 pace
539 519 616 568 vel
634 516 856 578 induciis
888 531 1004 565 cum
1034 515 1419 567 Archiducibus
1451 523 1810 572 convenirem

141 593 373 641 animum
390 592 653 642 inducant.
695 592 778 641 Ne
795 607 924 640 vana
941 589 1023 656 spe
1046 591 1345 640 lactarcntur
1358 607 1555 643 mentes
1585 594 1808 648 adversa-

138 667 354 729 riorum,
374 669 421 715 ὅ(
439 682 492 716 ut
511 666 810 732 fimplictter
829 665 1060 715 Batavica
1087 666 1420 730 generositate
1440 668 1699 718 tolleretur
1721 687 1809 721 oc-

138 740 275 790 casio
290 754 366 789 tot
380 742 602 790 itionum
620 755 676 790 ac
692 739 1285 802 reditionum‚diblatoria
1302 738 1703 793 denunciatione
1729 762 1807 795 rc-

139 813 375 880 spOnsum
396 815 484 879 est,
505 815 702 865 nullum
721 811 974 862 tentanda:
990 815 1381 880 compositionis
1408 815 1680 881 auspicium
1698 817 1806 869 sieri

138 886 302 956 posse,
324 890 373 938 ni
392 892 522 955 prius
538 887 857 938 Archiduces
875 888 963 954 ipsi
981 887 1301 939 declarassent
1333 887 1379 938 se
1399 889 1619 941 Ordines
1645 890 1809 943 foede.

138 967 370 1031 ratasque
386 965 536 1014 urbes
553 978 610 1012 ac
625 964 910 1028 provincias
927 978 1020 1029 pro
1033 962 1194 1012 libera
1213 963 1665 1029 1·epublica‚suique
1688 969 1809 1017 iuris

137 1052 200 1086 ac
231 1036 457 1101 dominii
491 1038 690 1105 populo
708 1035 918 1086 censere.
979 1036 1309 1087 Nonlatebat
1325 1035 1552 1104 sagacem
1573 1044 1804 1091 animum

138 1115 288 1177 patris
305 1114 435 1178 Ney‚
450 1126 640 1181 quanta
654 1111 793 1161 labes
803 1109 927 1160 hinc
945 1110 1094 1162 fieret
1111 1110 1348 1176 dignitati
1362 1115 1797 1181 principum‚quo.

137 1201 250 1235 rum
271 1189 406 1237 vices
425 1203 482 1237 ac
497 1186 764 1253 personam
780 1185 1036 1235 tuebatur:
1055 1188 1227 1236 tamen
1246 1202 1310 1235 ne
1323 1184 1623 1238 offensionis
1641 1203 1725 1238 aut
1741 1194 1802 1240 ti-

136 1262 303 1309 moris
320 1259 654 1327 suspicionem
682 1257 955 1324 praeberet,
987 1261 1020 1310 fi
1040 1261 1334 1325 intelligere
1348 1260 1624 1324 videretur,
1651 1263 1802 1315 susce-

53 1350 60 1356 ‘
132 1336 281 1401 pitin
299 1333 344 1384 se
360 1351 550 1385 munus
566 1332 885 1399 significandi
903 1349 1009 1384 rem
1029 1350 1247 1384 omnem
1265 1333 1648 1386 Archidueibus
1666 1379 1679 1400 ‚
1704 1338 1794 1388 bo-

136 1425 207 1459 na
222 1424 336 1460 cum
356 1409 434 1476 spe
444 1409 673 1460 futurum
689 1422 742 1458 ut
758 1408 933 1458 cuncta
947 1407 1270 1458 succederent
1286 1426 1342 1458 ex
1357 1411 1520 1458 animi
1534 1409 1800 1477 sententia,

134 1498 237 1532 nec
252 1481 716 1549 indulgentissimos
731 1483 981 1549 principes
999 1483 1282 1549 quidquam
1299 1481 1645 1549 denegatur05‚
1664 1486 1804 1536 unde

136 1555 357 1608 salutaris
374 1574 484 1624 pax,
501 1571 584 1608 aut
600 1558 760 1623 longa
776 1558 971 1621 requies
997 1558 1062 1607 ab
1078 1556 1356 1607 hostilitate
1384 1557 1549 1624 Belgis
1564 1556 1804 1625 affulgere

135 1630 317 1698 poffet.
355 1632 446 1681 His
461 1646 529 1682 ita
545 1633 755 1699 peraffls
774 1630 926 1694 rediit
941 1630 1003 1682 ad
1019 1631 1134 1680 suos
1149 1631 1405 1694 dominos,
1422 1636 1507 1698 qui
1527 1650 1712 1699 paucos
1725 1637 1801 1683 in-

134 1720 212 1756 tra
232 1706 339 1757 dies
356 1706 591 1756 eumdem
609 1705 671 1756 ad
689 1705 907 1755 Ordines
924 1705 1224 1756 remiserunt
1239 1746 1254 1770 ,
1287 1721 1404 1755 cum
1421 1708 1573 1756 literis
1587 1710 1640 1756 in
1669 1706 1805 1757 hanc

137 1779 449 1831 sententiam
466 1782 749 1846 conceptis,
786 1779 935 1828 Nihil
963 1781 1198 1845 sibiprius
1215 1778 1335 1841 effe,
1363 1781 1493 1830 nihil
1521 1783 1798 1846 antiquum,

135 1872 289 1922 quam
307 1869 361 1906 ut
378 1871 487 1905 non
501 1854 669 1904 solum
708 1857 840 1905 cives
854 1854 1034 1904 dextrae
1068 1853 1159 1904 sua:
1186 1853 1402 1920 permissi
1424 1898 1437 1919 ,
1466 1858 1802 1906 verumetiam

140 1944 319 1980 caetera
347 1932 492 1980 natio
523 1929 793 1995 Belgarum
831 1942 910 1978 tot
926 1929 1295 1980 calamitatibus
1314 1946 1371 1978 ac
1404 1928 1617 1989 miser-ijs
1636 1971 1649 1992 ‚
1678 1946 1802 1997 quas

138 2004 298 2069 longa
317 2006 640 2053 continuatio
657 2003 914 2054 bellorum
935 2003 1161 2054 civilium
1179 2003 1368 2066 intulit,
1386 2005 1581 2053 liberari
1596 2018 1798 2069 queant.

141 2079 212 2128 Ea
227 2077 317 2129 fini
349 2077 448 2128 sese
466 2091 663 2144 paratos
677 2076 772 2128 ess'e
791 2094 909 2127 cum
926 2077 1214 2128 Ordinibus
1239 2080 1496 2127 unitarum
1513 2077 1802 2128 Provincia-

139 2169 256 2203 rum
272 2151 480 2218 pacisci,
525 2163 771 2220 tanquam
803 2168 917 2203 cum
944 2152 1114 2202 libero
1143 2151 1336 2218 populo
1356 2194 1369 2215 ,
1403 2155 1458 2201 in
1484 2169 1639 2218 quem
1668 2152 1803 2203 nihil

140 2227 355 2294 amplius
369 2228 492 2276 iuris
504 2225 951 2293 pi'aetendercnt‚ut
967 2225 1175 2278 tandem
1193 2225 1469 2292 aliquando
1484 2227 1802 2276 lamentabili

154 2301 277 2352 huic
293 2301 437 2350 bello
452 2299 569 2349 finis
597 2304 665 2349 im
676 2302 798 2367 poni
813 2313 966 2366 queat
994 2299 1197 2367 pia,fida
1212 2303 1280 2362 ,&
1295 2315 1482 2350 aeterna
1503 2316 1620 2366 pace
1639 2315 1649 2341 ·-
1665 2302 1745 2350 vel
1767 2301 1802 2351 si

142 2377 376 2444 protinus
405 2374 509 2425 hoc
525 2377 781 2441 impetrari
805 2391 916 2425 non
934 2373 1098 2442 possit,
1132 2375 1366 2441 pastione
1389 2372 1711 2423 induciarum
1740 2372 1804 2423 ad

146 2448 419 2500 duodecim
435 2492 447 2513 ,
466 2449 760 2517 quindecim
779 2491 792 2511 ,
814 2464 899 2499 aut
915 2452 1096 2517 viginti
1111 2463 1277 2499 annos
1294 2490 1306 2511 ,
1337 2461 1485 2512 prout
1518 2446 1805 2497 Ordinibus

145 2524 304 2577 visum
322 2526 420 2575 erit
435 2566 448 2587 ‚
469 2524 623 2592 idque
640 2523 729 2574 sub
746 2526 898 2590 aequis
917 2526 965 2574 ὅ(
978 2523 1201 2574 honestis
1216 2520 1634 2572 conditionibus.
1677 2522 1802 2570 Non

148 2603 290 2651 enim
305 2599 354 2652 se
370 2599 536 2651 aliena
551 2598 936 2668 concupiscere,
954 2598 1037 2649 secl
1065 2597 1179 2648 satis
1207 2597 1393 2648 habere
1419 2597 1453 2649 ii
1484 2595 1690 2663 quisque
1719 2594 1803 2645 sua
1827 2596 1831 2599 “

1070 2673 1108 2721 Β
1658 2676 1795 2734 tucri,
